%YAML 1.1
%TAG !u! tag:unity3d.com,2011:
--- !u!1 &1591305574928220721
GameObject:
  m_ObjectHideFlags: 0
  m_CorrespondingSourceObject: {fileID: 0}
  m_PrefabInstance: {fileID: 0}
  m_PrefabAsset: {fileID: 0}
  serializedVersion: 6
  m_Component:
  - component: {fileID: 1591305574928220720}
  - component: {fileID: 1591305574928220722}
  - component: {fileID: 1591305574928220723}
  - component: {fileID: 1591305574928220725}
  - component: {fileID: 1591305574928220724}
  - component: {fileID: 1591305575484473963}
  m_Layer: 8
  m_Name: PlayerBody
  m_TagString: Player
  m_Icon: {fileID: 0}
  m_NavMeshLayer: 0
  m_StaticEditorFlags: 0
  m_IsActive: 1
--- !u!4 &1591305574928220720
Transform:
  m_ObjectHideFlags: 0
  m_CorrespondingSourceObject: {fileID: 0}
  m_PrefabInstance: {fileID: 0}
  m_PrefabAsset: {fileID: 0}
  m_GameObject: {fileID: 1591305574928220721}
  m_LocalRotation: {x: 0, y: 0, z: 0, w: 1}
  m_LocalPosition: {x: -5.4475183, y: -0.28244367, z: 0}
  m_LocalScale: {x: 1, y: 1, z: 1}
  m_Children:
  - {fileID: 8188834565431866436}
  m_Father: {fileID: 0}
  m_RootOrder: 0
  m_LocalEulerAnglesHint: {x: 0, y: 0, z: 0}
--- !u!212 &1591305574928220722
SpriteRenderer:
  m_ObjectHideFlags: 0
  m_CorrespondingSourceObject: {fileID: 0}
  m_PrefabInstance: {fileID: 0}
  m_PrefabAsset: {fileID: 0}
  m_GameObject: {fileID: 1591305574928220721}
  m_Enabled: 1
  m_CastShadows: 0
  m_ReceiveShadows: 0
  m_DynamicOccludee: 1
  m_MotionVectors: 1
  m_LightProbeUsage: 1
  m_ReflectionProbeUsage: 1
  m_RenderingLayerMask: 1
  m_RendererPriority: 0
  m_Materials:
  - {fileID: 10754, guid: 0000000000000000f000000000000000, type: 0}
  m_StaticBatchInfo:
    firstSubMesh: 0
    subMeshCount: 0
  m_StaticBatchRoot: {fileID: 0}
  m_ProbeAnchor: {fileID: 0}
  m_LightProbeVolumeOverride: {fileID: 0}
  m_ScaleInLightmap: 1
  m_ReceiveGI: 1
  m_PreserveUVs: 0
  m_IgnoreNormalsForChartDetection: 0
  m_ImportantGI: 0
  m_StitchLightmapSeams: 1
  m_SelectedEditorRenderState: 0
  m_MinimumChartSize: 4
  m_AutoUVMaxDistance: 0.5
  m_AutoUVMaxAngle: 89
  m_LightmapParameters: {fileID: 0}
  m_SortingLayerID: 0
  m_SortingLayer: 0
  m_SortingOrder: 1
  m_Sprite: {fileID: 21300000, guid: 524349e59bc129445bf5ac30a9abd8d4, type: 3}
  m_Color: {r: 1, g: 1, b: 1, a: 1}
  m_FlipX: 0
  m_FlipY: 0
  m_DrawMode: 0
  m_Size: {x: 4.05, y: 2.61}
  m_AdaptiveModeThreshold: 0.5
  m_SpriteTileMode: 0
  m_WasSpriteAssigned: 1
  m_MaskInteraction: 0
  m_SpriteSortPoint: 0
--- !u!60 &1591305574928220723
PolygonCollider2D:
  m_ObjectHideFlags: 0
  m_CorrespondingSourceObject: {fileID: 0}
  m_PrefabInstance: {fileID: 0}
  m_PrefabAsset: {fileID: 0}
  m_GameObject: {fileID: 1591305574928220721}
  m_Enabled: 1
  m_Density: 1
  m_Material: {fileID: 0}
  m_IsTrigger: 0
  m_UsedByEffector: 0
  m_UsedByComposite: 0
  m_Offset: {x: 0, y: 0}
  m_SpriteTilingProperty:
    border: {x: 0, y: 0, z: 0, w: 0}
    pivot: {x: 0.5, y: 0.5}
    oldSize: {x: 4.4888887, y: 5.9333334}
    newSize: {x: 4.05, y: 2.61}
    adaptiveTilingThreshold: 0.5
    drawMode: 0
    adaptiveTiling: 0
  m_AutoTiling: 0
  m_Points:
    m_Paths:
    - - {x: 0.6111111, y: -2.6388888}
      - {x: 0.70555556, y: -2.6166668}
      - {x: 0.75555557, y: -2.6000001}
      - {x: 0.8777778, y: -2.5611112}
      - {x: 0.92222226, y: -2.5333333}
      - {x: 1.0166667, y: -2.4833333}
      - {x: 1.0555556, y: -2.461111}
      - {x: 1.1, y: -2.4333334}
      - {x: 1.1611111, y: -2.4}
      - {x: 1.2277778, y: -2.3555555}
      - {x: 1.3333334, y: -2.277778}
      - {x: 1.4277778, y: -2.1944444}
      - {x: 1.5666667, y: -2.0444446}
      - {x: 1.6333333, y: -1.9666667}
      - {x: 1.6944445, y: -1.8666667}
      - {x: 1.738889, y: -1.7666667}
      - {x: 1.7833334, y: -1.6777778}
      - {x: 1.7944444, y: -1.6222223}
      - {x: 1.8055556, y: -1.5833334}
      - {x: 1.8444445, y: -1.4277778}
      - {x: 1.8666667, y: -1.3277779}
      - {x: 1.888889, y: -1.2388889}
      - {x: 1.9388889, y: -1.0944445}
      - {x: 1.9666667, y: -0.95555556}
      - {x: 1.9777778, y: -0.9111111}
      - {x: 2.0111113, y: -0.8333334}
      - {x: 2.0111113, y: -0.75}
      - {x: 2.0055556, y: -0.72222227}
      - {x: 2, y: -0.6055556}
      - {x: 1.9944445, y: -0.5222222}
      - {x: 1.9833333, y: -0.39444447}
      - {x: 1.9777778, y: -0.36666667}
      - {x: 1.9611112, y: -0.20555556}
      - {x: 1.9444445, y: -0.12222222}
      - {x: 1.9333334, y: -0.027777778}
      - {x: 1.9166667, y: 0.055555556}
      - {x: 1.9111111, y: 0.06666667}
      - {x: 1.8777778, y: 0.24444444}
      - {x: 1.85, y: 0.35}
      - {x: 1.8277779, y: 0.4388889}
      - {x: 1.7611111, y: 0.62222224}
      - {x: 1.7333333, y: 0.72222227}
      - {x: 1.7111112, y: 0.8}
      - {x: 1.6944445, y: 0.87222224}
      - {x: 1.738889, y: 0.8666667}
      - {x: 1.75, y: 0.87222224}
      - {x: 1.7722223, y: 1.0166667}
      - {x: 1.7833334, y: 1.2}
      - {x: 1.7888889, y: 1.2944444}
      - {x: 1.7944444, y: 1.3722223}
      - {x: 1.7833334, y: 1.3833333}
      - {x: 1.5777779, y: 1.3833333}
      - {x: 1.5611111, y: 1.3666667}
      - {x: 1.5611111, y: 1.3722223}
      - {x: 1.5500001, y: 1.4166667}
      - {x: 1.5388889, y: 1.45}
      - {x: 1.5, y: 1.5277778}
      - {x: 1.488889, y: 1.5611111}
      - {x: 1.4777778, y: 1.5888889}
      - {x: 1.4444445, y: 1.6555556}
      - {x: 1.4277778, y: 1.7}
      - {x: 1.3944445, y: 1.7777778}
      - {x: 1.3611112, y: 1.8833333}
      - {x: 1.3222222, y: 1.9833333}
      - {x: 1.3055556, y: 2.0222223}
      - {x: 1.2666667, y: 2.0944445}
      - {x: 1.25, y: 2.1111112}
      - {x: 1.2222222, y: 2.1444445}
      - {x: 1.1666667, y: 2.188889}
      - {x: 1.1444445, y: 2.25}
      - {x: 1.1055555, y: 2.3166668}
      - {x: 1.0722222, y: 2.3722222}
      - {x: 1.0222223, y: 2.4277778}
      - {x: 0.93333334, y: 2.527778}
      - {x: 0.78333336, y: 2.6555557}
      - {x: 0.6388889, y: 2.7666667}
      - {x: 0.5222222, y: 2.8222222}
      - {x: 0.32777777, y: 2.8777778}
      - {x: 0.27222222, y: 2.9055557}
      - {x: 0.15555556, y: 2.9333334}
      - {x: 0.12777779, y: 2.938889}
      - {x: -0.06111111, y: 2.961111}
      - {x: -0.16666667, y: 2.961111}
      - {x: -0.2777778, y: 2.9555557}
      - {x: -0.37222224, y: 2.9444444}
      - {x: -0.44444445, y: 2.9222224}
      - {x: -0.53333336, y: 2.8944445}
      - {x: -0.6111111, y: 2.8611112}
      - {x: -0.64444447, y: 2.8500001}
      - {x: -0.7722222, y: 2.788889}
      - {x: -0.8555556, y: 2.727778}
      - {x: -0.89444447, y: 2.7}
      - {x: -0.97222227, y: 2.6388888}
      - {x: -1.1, y: 2.5111113}
      - {x: -1.138889, y: 2.4555557}
      - {x: -1.1944444, y: 2.3944445}
      - {x: -1.2555556, y: 2.3277779}
      - {x: -1.3333334, y: 2.2277777}
      - {x: -1.3611112, y: 2.2166667}
      - {x: -1.3944445, y: 2.1833334}
      - {x: -1.4, y: 2.1666667}
      - {x: -1.4, y: 2.1166668}
      - {x: -1.3833333, y: 2.05}
      - {x: -1.4, y: 2}
      - {x: -1.4555556, y: 1.95}
      - {x: -1.4833333, y: 1.9166667}
      - {x: -1.5166667, y: 1.8444445}
      - {x: -1.5722222, y: 1.7555556}
      - {x: -1.5777779, y: 1.7222222}
      - {x: -1.6, y: 1.6277778}
      - {x: -1.6166667, y: 1.5555556}
      - {x: -1.6333333, y: 1.5388889}
      - {x: -1.7111112, y: 1.5500001}
      - {x: -1.7333333, y: 1.5777779}
      - {x: -1.7277778, y: 1.6166667}
      - {x: -1.7166667, y: 1.6888889}
      - {x: -1.7055556, y: 1.7444445}
      - {x: -1.8166667, y: 1.7777778}
      - {x: -1.9166667, y: 1.8000001}
      - {x: -1.9444445, y: 1.75}
      - {x: -1.9555556, y: 1.6555556}
      - {x: -2, y: 1.4444445}
      - {x: -2.027778, y: 1.2944444}
      - {x: -2.0111113, y: 1.2777778}
      - {x: -1.9722223, y: 1.2722223}
      - {x: -1.8277779, y: 1.2555556}
      - {x: -1.8111112, y: 1.2555556}
      - {x: -1.7944444, y: 1.2722223}
      - {x: -1.7777778, y: 1.3444445}
      - {x: -1.7666667, y: 1.388889}
      - {x: -1.6500001, y: 1.3611112}
      - {x: -1.6555556, y: 1.2833334}
      - {x: -1.6722223, y: 1.1111112}
      - {x: -1.7111112, y: 0.9888889}
      - {x: -1.7222222, y: 0.9166667}
      - {x: -1.7277778, y: 0.8611111}
      - {x: -1.7333333, y: 0.75555557}
      - {x: -1.7444445, y: 0.6666667}
      - {x: -1.7611111, y: 0.59444445}
      - {x: -1.7888889, y: 0.51111114}
      - {x: -1.8166667, y: 0.39444447}
      - {x: -1.85, y: 0.3}
      - {x: -1.9666667, y: -0.25}
      - {x: -1.988889, y: -0.35}
      - {x: -2.027778, y: -0.5}
      - {x: -2.038889, y: -0.55}
      - {x: -2.0555556, y: -0.7}
      - {x: -2.0611112, y: -0.8277778}
      - {x: -2.0833335, y: -0.92222226}
      - {x: -2.0944445, y: -1.0111111}
      - {x: -2.0944445, y: -1.0777779}
      - {x: -2.1000001, y: -1.1333333}
      - {x: -2.1000001, y: -1.2722223}
      - {x: -2.0833335, y: -1.388889}
      - {x: -2.0722222, y: -1.4444445}
      - {x: -2.027778, y: -1.6055557}
      - {x: -1.988889, y: -1.6944445}
      - {x: -1.9277778, y: -1.8277779}
      - {x: -1.8777778, y: -1.9055556}
      - {x: -1.8444445, y: -1.95}
      - {x: -1.738889, y: -2.0722222}
      - {x: -1.638889, y: -2.1722224}
      - {x: -1.5888889, y: -2.2166667}
      - {x: -1.4388889, y: -2.3166668}
      - {x: -1.3166667, y: -2.3888888}
      - {x: -1.2, y: -2.4444444}
      - {x: -1.0888889, y: -2.4777777}
      - {x: -1.0055556, y: -2.5111113}
      - {x: -0.87222224, y: -2.5444446}
      - {x: -0.73333335, y: -2.5833335}
      - {x: -0.67222226, y: -2.5944445}
      - {x: -0.5777778, y: -2.6111112}
      - {x: -0.46666667, y: -2.6333334}
      - {x: -0.4, y: -2.6444445}
      - {x: -0.31666666, y: -2.6555557}
      - {x: -0.055555556, y: -2.688889}
      - {x: 0.33333334, y: -2.688889}
      - {x: 0.38333336, y: -2.6833334}
      - {x: 0.47777778, y: -2.6722224}
      - {x: 0.53333336, y: -2.661111}
--- !u!114 &1591305574928220725
MonoBehaviour:
  m_ObjectHideFlags: 0
  m_CorrespondingSourceObject: {fileID: 0}
  m_PrefabInstance: {fileID: 0}
  m_PrefabAsset: {fileID: 0}
  m_GameObject: {fileID: 1591305574928220721}
  m_Enabled: 1
  m_EditorHideFlags: 0
  m_Script: {fileID: 11500000, guid: 3a3dc9f842e79194ba085422f7b0b49c, type: 3}
  m_Name: 
  m_EditorClassIdentifier: 
  mouseOver: 0
  hoverSprite: {fileID: 7447750611851173160}
--- !u!50 &1591305574928220724
Rigidbody2D:
  serializedVersion: 4
  m_ObjectHideFlags: 0
  m_CorrespondingSourceObject: {fileID: 0}
  m_PrefabInstance: {fileID: 0}
  m_PrefabAsset: {fileID: 0}
  m_GameObject: {fileID: 1591305574928220721}
  m_BodyType: 0
  m_Simulated: 1
  m_UseFullKinematicContacts: 0
  m_UseAutoMass: 0
  m_Mass: 1
  m_LinearDrag: 0
  m_AngularDrag: 0.05
  m_GravityScale: 1
  m_Material: {fileID: 0}
  m_Interpolate: 0
  m_SleepingMode: 1
  m_CollisionDetection: 0
  m_Constraints: 0
--- !u!114 &1591305575484473963
MonoBehaviour:
  m_ObjectHideFlags: 0
  m_CorrespondingSourceObject: {fileID: 0}
  m_PrefabInstance: {fileID: 0}
  m_PrefabAsset: {fileID: 0}
  m_GameObject: {fileID: 1591305574928220721}
  m_Enabled: 1
  m_EditorHideFlags: 0
  m_Script: {fileID: 11500000, guid: ddbb6d19e1734754692a2add68252d05, type: 3}
  m_Name: 
  m_EditorClassIdentifier: 
  body: {fileID: 1591305574928220724}
  keySpritePrefab: {fileID: 8375473092681539832, guid: 6d47f142601862a43af6e218b93e2566,
    type: 3}
  collisionMask:
    serializedVersion: 2
    m_Bits: 55
  keys: 71000000770000006500000072000000740000007900000075000000690000006f000000700000006100000073000000640000006600000067000000680000006a0000006b0000006c0000007a000000780000006300000076000000620000006e0000006d000000
--- !u!1 &7447750611851173160
GameObject:
  m_ObjectHideFlags: 0
  m_CorrespondingSourceObject: {fileID: 0}
  m_PrefabInstance: {fileID: 0}
  m_PrefabAsset: {fileID: 0}
  serializedVersion: 6
  m_Component:
  - component: {fileID: 8188834565431866436}
  - component: {fileID: 2246538809843625717}
  m_Layer: 8
  m_Name: PlayerBody
  m_TagString: Player
  m_Icon: {fileID: 0}
  m_NavMeshLayer: 0
  m_StaticEditorFlags: 0
  m_IsActive: 1
--- !u!4 &8188834565431866436
Transform:
  m_ObjectHideFlags: 0
  m_CorrespondingSourceObject: {fileID: 0}
  m_PrefabInstance: {fileID: 0}
  m_PrefabAsset: {fileID: 0}
  m_GameObject: {fileID: 7447750611851173160}
  m_LocalRotation: {x: -0, y: -0, z: -0, w: 1}
  m_LocalPosition: {x: 0, y: 0, z: 10}
  m_LocalScale: {x: 1.083, y: 1.083, z: 1.083}
  m_Children: []
  m_Father: {fileID: 1591305574928220720}
  m_RootOrder: 0
  m_LocalEulerAnglesHint: {x: 0, y: 0, z: 0}
--- !u!212 &2246538809843625717
SpriteRenderer:
  m_ObjectHideFlags: 0
  m_CorrespondingSourceObject: {fileID: 0}
  m_PrefabInstance: {fileID: 0}
  m_PrefabAsset: {fileID: 0}
  m_GameObject: {fileID: 7447750611851173160}
  m_Enabled: 1
  m_CastShadows: 0
  m_ReceiveShadows: 0
  m_DynamicOccludee: 1
  m_MotionVectors: 1
  m_LightProbeUsage: 1
  m_ReflectionProbeUsage: 1
  m_RenderingLayerMask: 1
  m_RendererPriority: 0
  m_Materials:
  - {fileID: 10754, guid: 0000000000000000f000000000000000, type: 0}
  m_StaticBatchInfo:
    firstSubMesh: 0
    subMeshCount: 0
  m_StaticBatchRoot: {fileID: 0}
  m_ProbeAnchor: {fileID: 0}
  m_LightProbeVolumeOverride: {fileID: 0}
  m_ScaleInLightmap: 1
  m_ReceiveGI: 1
  m_PreserveUVs: 0
  m_IgnoreNormalsForChartDetection: 0
  m_ImportantGI: 0
  m_StitchLightmapSeams: 1
  m_SelectedEditorRenderState: 0
  m_MinimumChartSize: 4
  m_AutoUVMaxDistance: 0.5
  m_AutoUVMaxAngle: 89
  m_LightmapParameters: {fileID: 0}
  m_SortingLayerID: 0
  m_SortingLayer: 0
  m_SortingOrder: 1
  m_Sprite: {fileID: 21300000, guid: 524349e59bc129445bf5ac30a9abd8d4, type: 3}
  m_Color: {r: 0, g: 0, b: 0, a: 1}
  m_FlipX: 0
  m_FlipY: 0
  m_DrawMode: 0
  m_Size: {x: 4.05, y: 2.61}
  m_AdaptiveModeThreshold: 0.5
  m_SpriteTileMode: 0
  m_WasSpriteAssigned: 1
  m_MaskInteraction: 0
  m_SpriteSortPoint: 0
