%YAML 1.1
%TAG !u! tag:unity3d.com,2011:
--- !u!29 &1
OcclusionCullingSettings:
  m_ObjectHideFlags: 0
  serializedVersion: 2
  m_OcclusionBakeSettings:
    smallestOccluder: 5
    smallestHole: 0.25
    backfaceThreshold: 100
  m_SceneGUID: 00000000000000000000000000000000
  m_OcclusionCullingData: {fileID: 0}
--- !u!104 &2
RenderSettings:
  m_ObjectHideFlags: 0
  serializedVersion: 9
  m_Fog: 0
  m_FogColor: {r: 0.5, g: 0.5, b: 0.5, a: 1}
  m_FogMode: 3
  m_FogDensity: 0.01
  m_LinearFogStart: 0
  m_LinearFogEnd: 300
  m_AmbientSkyColor: {r: 0.212, g: 0.227, b: 0.259, a: 1}
  m_AmbientEquatorColor: {r: 0.114, g: 0.125, b: 0.133, a: 1}
  m_AmbientGroundColor: {r: 0.047, g: 0.043, b: 0.035, a: 1}
  m_AmbientIntensity: 1
  m_AmbientMode: 3
  m_SubtractiveShadowColor: {r: 0.42, g: 0.478, b: 0.627, a: 1}
  m_SkyboxMaterial: {fileID: 0}
  m_HaloStrength: 0.5
  m_FlareStrength: 1
  m_FlareFadeSpeed: 3
  m_HaloTexture: {fileID: 0}
  m_SpotCookie: {fileID: 10001, guid: 0000000000000000e000000000000000, type: 0}
  m_DefaultReflectionMode: 0
  m_DefaultReflectionResolution: 128
  m_ReflectionBounces: 1
  m_ReflectionIntensity: 1
  m_CustomReflection: {fileID: 0}
  m_Sun: {fileID: 0}
  m_IndirectSpecularColor: {r: 0, g: 0, b: 0, a: 1}
  m_UseRadianceAmbientProbe: 0
--- !u!157 &3
LightmapSettings:
  m_ObjectHideFlags: 0
  serializedVersion: 11
  m_GIWorkflowMode: 1
  m_GISettings:
    serializedVersion: 2
    m_BounceScale: 1
    m_IndirectOutputScale: 1
    m_AlbedoBoost: 1
    m_EnvironmentLightingMode: 0
    m_EnableBakedLightmaps: 0
    m_EnableRealtimeLightmaps: 0
  m_LightmapEditorSettings:
    serializedVersion: 12
    m_Resolution: 2
    m_BakeResolution: 40
    m_AtlasSize: 1024
    m_AO: 0
    m_AOMaxDistance: 1
    m_CompAOExponent: 1
    m_CompAOExponentDirect: 0
    m_ExtractAmbientOcclusion: 0
    m_Padding: 2
    m_LightmapParameters: {fileID: 0}
    m_LightmapsBakeMode: 1
    m_TextureCompression: 1
    m_FinalGather: 0
    m_FinalGatherFiltering: 1
    m_FinalGatherRayCount: 256
    m_ReflectionCompression: 2
    m_MixedBakeMode: 2
    m_BakeBackend: 1
    m_PVRSampling: 1
    m_PVRDirectSampleCount: 32
    m_PVRSampleCount: 512
    m_PVRBounces: 2
    m_PVREnvironmentSampleCount: 256
    m_PVREnvironmentReferencePointCount: 2048
    m_PVRFilteringMode: 1
    m_PVRDenoiserTypeDirect: 1
    m_PVRDenoiserTypeIndirect: 1
    m_PVRDenoiserTypeAO: 1
    m_PVRFilterTypeDirect: 0
    m_PVRFilterTypeIndirect: 0
    m_PVRFilterTypeAO: 0
    m_PVREnvironmentMIS: 1
    m_PVRCulling: 1
    m_PVRFilteringGaussRadiusDirect: 1
    m_PVRFilteringGaussRadiusIndirect: 5
    m_PVRFilteringGaussRadiusAO: 2
    m_PVRFilteringAtrousPositionSigmaDirect: 0.5
    m_PVRFilteringAtrousPositionSigmaIndirect: 2
    m_PVRFilteringAtrousPositionSigmaAO: 1
    m_ExportTrainingData: 0
    m_TrainingDataDestination: TrainingData
  m_LightingDataAsset: {fileID: 0}
  m_UseShadowmask: 1
--- !u!196 &4
NavMeshSettings:
  serializedVersion: 2
  m_ObjectHideFlags: 0
  m_BuildSettings:
    serializedVersion: 2
    agentTypeID: 0
    agentRadius: 0.5
    agentHeight: 2
    agentSlope: 45
    agentClimb: 0.4
    ledgeDropHeight: 0
    maxJumpAcrossDistance: 0
    minRegionArea: 2
    manualCellSize: 0
    cellSize: 0.16666667
    manualTileSize: 0
    tileSize: 256
    accuratePlacement: 0
    debug:
      m_Flags: 0
  m_NavMeshData: {fileID: 0}
--- !u!1001 &97318254
PrefabInstance:
  m_ObjectHideFlags: 0
  serializedVersion: 2
  m_Modification:
    m_TransformParent: {fileID: 0}
    m_Modifications:
    - target: {fileID: 4760483161937855966, guid: 6f7bd473719710144892ffe21f8984e5,
        type: 3}
      propertyPath: m_Name
      value: hospital_background1
      objectReference: {fileID: 0}
    - target: {fileID: 4760483161937855964, guid: 6f7bd473719710144892ffe21f8984e5,
        type: 3}
      propertyPath: m_LocalPosition.x
      value: -0.53668976
      objectReference: {fileID: 0}
    - target: {fileID: 4760483161937855964, guid: 6f7bd473719710144892ffe21f8984e5,
        type: 3}
      propertyPath: m_LocalPosition.y
      value: 5.0950446
      objectReference: {fileID: 0}
    - target: {fileID: 4760483161937855964, guid: 6f7bd473719710144892ffe21f8984e5,
        type: 3}
      propertyPath: m_LocalPosition.z
      value: 1
      objectReference: {fileID: 0}
    - target: {fileID: 4760483161937855964, guid: 6f7bd473719710144892ffe21f8984e5,
        type: 3}
      propertyPath: m_LocalRotation.x
      value: 0
      objectReference: {fileID: 0}
    - target: {fileID: 4760483161937855964, guid: 6f7bd473719710144892ffe21f8984e5,
        type: 3}
      propertyPath: m_LocalRotation.y
      value: 0
      objectReference: {fileID: 0}
    - target: {fileID: 4760483161937855964, guid: 6f7bd473719710144892ffe21f8984e5,
        type: 3}
      propertyPath: m_LocalRotation.z
      value: 0
      objectReference: {fileID: 0}
    - target: {fileID: 4760483161937855964, guid: 6f7bd473719710144892ffe21f8984e5,
        type: 3}
      propertyPath: m_LocalRotation.w
      value: 1
      objectReference: {fileID: 0}
    - target: {fileID: 4760483161937855964, guid: 6f7bd473719710144892ffe21f8984e5,
        type: 3}
      propertyPath: m_RootOrder
      value: 2
      objectReference: {fileID: 0}
    - target: {fileID: 4760483161937855964, guid: 6f7bd473719710144892ffe21f8984e5,
        type: 3}
      propertyPath: m_LocalEulerAnglesHint.x
      value: 0
      objectReference: {fileID: 0}
    - target: {fileID: 4760483161937855964, guid: 6f7bd473719710144892ffe21f8984e5,
        type: 3}
      propertyPath: m_LocalEulerAnglesHint.y
      value: 0
      objectReference: {fileID: 0}
    - target: {fileID: 4760483161937855964, guid: 6f7bd473719710144892ffe21f8984e5,
        type: 3}
      propertyPath: m_LocalEulerAnglesHint.z
      value: 0
      objectReference: {fileID: 0}
    m_RemovedComponents: []
  m_SourcePrefab: {fileID: 100100000, guid: 6f7bd473719710144892ffe21f8984e5, type: 3}
--- !u!1001 &207750009
PrefabInstance:
  m_ObjectHideFlags: 0
  serializedVersion: 2
  m_Modification:
    m_TransformParent: {fileID: 0}
    m_Modifications:
    - target: {fileID: 5126084336057941477, guid: 894c969cd3a2fe84a94f5e18f3a81efb,
        type: 3}
      propertyPath: m_Name
      value: White Floor Platform
      objectReference: {fileID: 0}
    - target: {fileID: 5126084336057941473, guid: 894c969cd3a2fe84a94f5e18f3a81efb,
        type: 3}
      propertyPath: m_LocalPosition.x
      value: -10.8
      objectReference: {fileID: 0}
    - target: {fileID: 5126084336057941473, guid: 894c969cd3a2fe84a94f5e18f3a81efb,
        type: 3}
      propertyPath: m_LocalPosition.y
      value: -4.1
      objectReference: {fileID: 0}
    - target: {fileID: 5126084336057941473, guid: 894c969cd3a2fe84a94f5e18f3a81efb,
        type: 3}
      propertyPath: m_LocalPosition.z
      value: 0
      objectReference: {fileID: 0}
    - target: {fileID: 5126084336057941473, guid: 894c969cd3a2fe84a94f5e18f3a81efb,
        type: 3}
      propertyPath: m_LocalRotation.x
      value: 0
      objectReference: {fileID: 0}
    - target: {fileID: 5126084336057941473, guid: 894c969cd3a2fe84a94f5e18f3a81efb,
        type: 3}
      propertyPath: m_LocalRotation.y
      value: 0
      objectReference: {fileID: 0}
    - target: {fileID: 5126084336057941473, guid: 894c969cd3a2fe84a94f5e18f3a81efb,
        type: 3}
      propertyPath: m_LocalRotation.z
      value: 0
      objectReference: {fileID: 0}
    - target: {fileID: 5126084336057941473, guid: 894c969cd3a2fe84a94f5e18f3a81efb,
        type: 3}
      propertyPath: m_LocalRotation.w
      value: 1
      objectReference: {fileID: 0}
    - target: {fileID: 5126084336057941473, guid: 894c969cd3a2fe84a94f5e18f3a81efb,
        type: 3}
      propertyPath: m_RootOrder
      value: 5
      objectReference: {fileID: 0}
    - target: {fileID: 5126084336057941473, guid: 894c969cd3a2fe84a94f5e18f3a81efb,
        type: 3}
      propertyPath: m_LocalEulerAnglesHint.x
      value: 0
      objectReference: {fileID: 0}
    - target: {fileID: 5126084336057941473, guid: 894c969cd3a2fe84a94f5e18f3a81efb,
        type: 3}
      propertyPath: m_LocalEulerAnglesHint.y
      value: 0
      objectReference: {fileID: 0}
    - target: {fileID: 5126084336057941473, guid: 894c969cd3a2fe84a94f5e18f3a81efb,
        type: 3}
      propertyPath: m_LocalEulerAnglesHint.z
      value: 0
      objectReference: {fileID: 0}
    - target: {fileID: 5126084336057941473, guid: 894c969cd3a2fe84a94f5e18f3a81efb,
        type: 3}
      propertyPath: m_LocalScale.x
      value: 1.05
      objectReference: {fileID: 0}
    - target: {fileID: 5126084336057941473, guid: 894c969cd3a2fe84a94f5e18f3a81efb,
        type: 3}
      propertyPath: m_LocalScale.y
      value: 0.27
      objectReference: {fileID: 0}
    - target: {fileID: 5126084336057941478, guid: 894c969cd3a2fe84a94f5e18f3a81efb,
        type: 3}
      propertyPath: m_DynamicOccludee
      value: 1
      objectReference: {fileID: 0}
    - target: {fileID: 5126084336057941478, guid: 894c969cd3a2fe84a94f5e18f3a81efb,
        type: 3}
      propertyPath: m_LocalAABB.m_Center.x
      value: 50.10548
      objectReference: {fileID: 0}
    - target: {fileID: 5126084336057941478, guid: 894c969cd3a2fe84a94f5e18f3a81efb,
        type: 3}
      propertyPath: m_LocalAABB.m_Center.y
      value: 0.0028476715
      objectReference: {fileID: 0}
    - target: {fileID: 5126084336057941478, guid: 894c969cd3a2fe84a94f5e18f3a81efb,
        type: 3}
      propertyPath: m_LocalAABB.m_Extent.x
      value: 59.27555
      objectReference: {fileID: 0}
    - target: {fileID: 5126084336057941478, guid: 894c969cd3a2fe84a94f5e18f3a81efb,
        type: 3}
      propertyPath: m_LocalAABB.m_Extent.y
      value: 18.773624
      objectReference: {fileID: 0}
    - target: {fileID: 5126084336057941479, guid: 894c969cd3a2fe84a94f5e18f3a81efb,
        type: 3}
      propertyPath: m_Spline.m_ControlPoints.Array.data[1].position.y
      value: 0
      objectReference: {fileID: 0}
    - target: {fileID: 5126084336057941479, guid: 894c969cd3a2fe84a94f5e18f3a81efb,
        type: 3}
      propertyPath: m_Spline.m_ControlPoints.Array.data[2].position.y
      value: 0
      objectReference: {fileID: 0}
    - target: {fileID: 5126084336057941479, guid: 894c969cd3a2fe84a94f5e18f3a81efb,
        type: 3}
      propertyPath: m_Spline.m_ControlPoints.Array.data[2].position.x
      value: 109.36828
      objectReference: {fileID: 0}
    - target: {fileID: 5126084336057941476, guid: 894c969cd3a2fe84a94f5e18f3a81efb,
        type: 3}
      propertyPath: m_Points.Array.size
      value: 20
      objectReference: {fileID: 0}
    - target: {fileID: 5126084336057941476, guid: 894c969cd3a2fe84a94f5e18f3a81efb,
        type: 3}
      propertyPath: m_Points.Array.data[0].x
      value: -9.020826
      objectReference: {fileID: 0}
    - target: {fileID: 5126084336057941476, guid: 894c969cd3a2fe84a94f5e18f3a81efb,
        type: 3}
      propertyPath: m_Points.Array.data[0].y
      value: 18.749851
      objectReference: {fileID: 0}
    - target: {fileID: 5126084336057941476, guid: 894c969cd3a2fe84a94f5e18f3a81efb,
        type: 3}
      propertyPath: m_Points.Array.data[1].x
      value: -9.020826
      objectReference: {fileID: 0}
    - target: {fileID: 5126084336057941476, guid: 894c969cd3a2fe84a94f5e18f3a81efb,
        type: 3}
      propertyPath: m_Points.Array.data[1].y
      value: 18.749851
      objectReference: {fileID: 0}
    - target: {fileID: 5126084336057941476, guid: 894c969cd3a2fe84a94f5e18f3a81efb,
        type: 3}
      propertyPath: m_Points.Array.data[2].x
      value: -4.4761186
      objectReference: {fileID: 0}
    - target: {fileID: 5126084336057941476, guid: 894c969cd3a2fe84a94f5e18f3a81efb,
        type: 3}
      propertyPath: m_Points.Array.data[2].y
      value: 18.736492
      objectReference: {fileID: 0}
    - target: {fileID: 5126084336057941476, guid: 894c969cd3a2fe84a94f5e18f3a81efb,
        type: 3}
      propertyPath: m_Points.Array.data[3].x
      value: 0.2969222
      objectReference: {fileID: 0}
    - target: {fileID: 5126084336057941476, guid: 894c969cd3a2fe84a94f5e18f3a81efb,
        type: 3}
      propertyPath: m_Points.Array.data[3].y
      value: 18.729803
      objectReference: {fileID: 0}
    - target: {fileID: 5126084336057941476, guid: 894c969cd3a2fe84a94f5e18f3a81efb,
        type: 3}
      propertyPath: m_Points.Array.data[4].x
      value: 3.9855638
      objectReference: {fileID: 0}
    - target: {fileID: 5126084336057941476, guid: 894c969cd3a2fe84a94f5e18f3a81efb,
        type: 3}
      propertyPath: m_Points.Array.data[4].y
      value: 18.729885
      objectReference: {fileID: 0}
    - target: {fileID: 5126084336057941476, guid: 894c969cd3a2fe84a94f5e18f3a81efb,
        type: 3}
      propertyPath: m_Points.Array.data[5].x
      value: 7.8643146
      objectReference: {fileID: 0}
    - target: {fileID: 5126084336057941476, guid: 894c969cd3a2fe84a94f5e18f3a81efb,
        type: 3}
      propertyPath: m_Points.Array.data[5].y
      value: 18.735897
      objectReference: {fileID: 0}
    - target: {fileID: 5126084336057941476, guid: 894c969cd3a2fe84a94f5e18f3a81efb,
        type: 3}
      propertyPath: m_Points.Array.data[6].x
      value: 9.816881
      objectReference: {fileID: 0}
    - target: {fileID: 5126084336057941476, guid: 894c969cd3a2fe84a94f5e18f3a81efb,
        type: 3}
      propertyPath: m_Points.Array.data[6].y
      value: 18.741737
      objectReference: {fileID: 0}
    - target: {fileID: 5126084336057941476, guid: 894c969cd3a2fe84a94f5e18f3a81efb,
        type: 3}
      propertyPath: m_Points.Array.data[7].x
      value: 11.770397
      objectReference: {fileID: 0}
    - target: {fileID: 5126084336057941476, guid: 894c969cd3a2fe84a94f5e18f3a81efb,
        type: 3}
      propertyPath: m_Points.Array.data[7].y
      value: 18.74988
      objectReference: {fileID: 0}
    - target: {fileID: 5126084336057941476, guid: 894c969cd3a2fe84a94f5e18f3a81efb,
        type: 3}
      propertyPath: m_Points.Array.data[8].x
      value: 15.188191
      objectReference: {fileID: 0}
    - target: {fileID: 5126084336057941476, guid: 894c969cd3a2fe84a94f5e18f3a81efb,
        type: 3}
      propertyPath: m_Points.Array.data[8].y
      value: 18.76033
      objectReference: {fileID: 0}
    - target: {fileID: 5126084336057941476, guid: 894c969cd3a2fe84a94f5e18f3a81efb,
        type: 3}
      propertyPath: m_Points.Array.data[9].x
      value: 20.26395
      objectReference: {fileID: 0}
    - target: {fileID: 5126084336057941476, guid: 894c969cd3a2fe84a94f5e18f3a81efb,
        type: 3}
      propertyPath: m_Points.Array.data[9].y
      value: 18.767887
      objectReference: {fileID: 0}
    - target: {fileID: 5126084336057941476, guid: 894c969cd3a2fe84a94f5e18f3a81efb,
        type: 3}
      propertyPath: m_Points.Array.data[10].x
      value: 26.709515
      objectReference: {fileID: 0}
    - target: {fileID: 5126084336057941476, guid: 894c969cd3a2fe84a94f5e18f3a81efb,
        type: 3}
      propertyPath: m_Points.Array.data[10].y
      value: 18.772871
      objectReference: {fileID: 0}
    - target: {fileID: 5126084336057941476, guid: 894c969cd3a2fe84a94f5e18f3a81efb,
        type: 3}
      propertyPath: m_Points.Array.data[11].x
      value: 34.25061
      objectReference: {fileID: 0}
    - target: {fileID: 5126084336057941476, guid: 894c969cd3a2fe84a94f5e18f3a81efb,
        type: 3}
      propertyPath: m_Points.Array.data[11].y
      value: 18.775627
      objectReference: {fileID: 0}
    - target: {fileID: 5126084336057941476, guid: 894c969cd3a2fe84a94f5e18f3a81efb,
        type: 3}
      propertyPath: m_Points.Array.data[12].x
      value: 42.60841
      objectReference: {fileID: 0}
    - target: {fileID: 5126084336057941476, guid: 894c969cd3a2fe84a94f5e18f3a81efb,
        type: 3}
      propertyPath: m_Points.Array.data[12].y
      value: 18.776474
      objectReference: {fileID: 0}
    - target: {fileID: 5126084336057941476, guid: 894c969cd3a2fe84a94f5e18f3a81efb,
        type: 3}
      propertyPath: m_Points.Array.data[13].x
      value: 51.50286
      objectReference: {fileID: 0}
    - target: {fileID: 5126084336057941476, guid: 894c969cd3a2fe84a94f5e18f3a81efb,
        type: 3}
      propertyPath: m_Points.Array.data[13].y
      value: 18.775734
      objectReference: {fileID: 0}
    - target: {fileID: 5126084336057941476, guid: 894c969cd3a2fe84a94f5e18f3a81efb,
        type: 3}
      propertyPath: m_Points.Array.data[14].x
      value: 60.653458
      objectReference: {fileID: 0}
    - target: {fileID: 5126084336057941476, guid: 894c969cd3a2fe84a94f5e18f3a81efb,
        type: 3}
      propertyPath: m_Points.Array.data[14].y
      value: 18.77372
      objectReference: {fileID: 0}
    - target: {fileID: 5126084336057941476, guid: 894c969cd3a2fe84a94f5e18f3a81efb,
        type: 3}
      propertyPath: m_Points.Array.data[15].x
      value: 69.779495
      objectReference: {fileID: 0}
    - target: {fileID: 5126084336057941476, guid: 894c969cd3a2fe84a94f5e18f3a81efb,
        type: 3}
      propertyPath: m_Points.Array.data[15].y
      value: 18.770754
      objectReference: {fileID: 0}
    - target: {fileID: 5126084336057941476, guid: 894c969cd3a2fe84a94f5e18f3a81efb,
        type: 3}
      propertyPath: m_Points.Array.data[16].x
      value: 78.60014
      objectReference: {fileID: 0}
    - target: {fileID: 5126084336057941476, guid: 894c969cd3a2fe84a94f5e18f3a81efb,
        type: 3}
      propertyPath: m_Points.Array.data[16].y
      value: 18.767155
      objectReference: {fileID: 0}
    - target: {fileID: 5126084336057941476, guid: 894c969cd3a2fe84a94f5e18f3a81efb,
        type: 3}
      propertyPath: m_Points.Array.data[17].x
      value: 94.20184
      objectReference: {fileID: 0}
    - target: {fileID: 5126084336057941476, guid: 894c969cd3a2fe84a94f5e18f3a81efb,
        type: 3}
      propertyPath: m_Points.Array.data[17].y
      value: 18.759317
      objectReference: {fileID: 0}
    - target: {fileID: 5126084336057941476, guid: 894c969cd3a2fe84a94f5e18f3a81efb,
        type: 3}
      propertyPath: m_Points.Array.data[18].x
      value: 108.29175
      objectReference: {fileID: 0}
    - target: {fileID: 5126084336057941476, guid: 894c969cd3a2fe84a94f5e18f3a81efb,
        type: 3}
      propertyPath: m_Points.Array.data[18].y
      value: 18.75074
      objectReference: {fileID: 0}
    - target: {fileID: 5126084336057941476, guid: 894c969cd3a2fe84a94f5e18f3a81efb,
        type: 3}
      propertyPath: m_Points.Array.data[19].x
      value: 109.38103
      objectReference: {fileID: 0}
    - target: {fileID: 5126084336057941476, guid: 894c969cd3a2fe84a94f5e18f3a81efb,
        type: 3}
      propertyPath: m_Points.Array.data[19].y
      value: 18.749996
      objectReference: {fileID: 0}
    - target: {fileID: 5126084336057941476, guid: 894c969cd3a2fe84a94f5e18f3a81efb,
        type: 3}
      propertyPath: m_Points.Array.data[20].x
      value: 109.21468
      objectReference: {fileID: 0}
    - target: {fileID: 5126084336057941476, guid: 894c969cd3a2fe84a94f5e18f3a81efb,
        type: 3}
      propertyPath: m_Points.Array.data[20].y
      value: 14.557982
      objectReference: {fileID: 0}
    - target: {fileID: 5126084336057941476, guid: 894c969cd3a2fe84a94f5e18f3a81efb,
        type: 3}
      propertyPath: m_Points.Array.data[21].x
      value: 110.30627
      objectReference: {fileID: 0}
    - target: {fileID: 5126084336057941476, guid: 894c969cd3a2fe84a94f5e18f3a81efb,
        type: 3}
      propertyPath: m_Points.Array.data[21].y
      value: 14.5033045
      objectReference: {fileID: 0}
    - target: {fileID: 5126084336057941476, guid: 894c969cd3a2fe84a94f5e18f3a81efb,
        type: 3}
      propertyPath: m_Points.Array.data[22].x
      value: 91.83903
      objectReference: {fileID: 0}
    - target: {fileID: 5126084336057941476, guid: 894c969cd3a2fe84a94f5e18f3a81efb,
        type: 3}
      propertyPath: m_Points.Array.data[22].y
      value: 23.884235
      objectReference: {fileID: 0}
    - target: {fileID: 5126084336057941476, guid: 894c969cd3a2fe84a94f5e18f3a81efb,
        type: 3}
      propertyPath: m_Points.Array.data[23].x
      value: 64.13353
      objectReference: {fileID: 0}
    - target: {fileID: 5126084336057941476, guid: 894c969cd3a2fe84a94f5e18f3a81efb,
        type: 3}
      propertyPath: m_Points.Array.data[23].y
      value: -1.082756
      objectReference: {fileID: 0}
    m_RemovedComponents: []
  m_SourcePrefab: {fileID: 100100000, guid: 894c969cd3a2fe84a94f5e18f3a81efb, type: 3}
--- !u!1 &504476287
GameObject:
  m_ObjectHideFlags: 0
  m_CorrespondingSourceObject: {fileID: 0}
  m_PrefabInstance: {fileID: 0}
  m_PrefabAsset: {fileID: 0}
  serializedVersion: 6
  m_Component:
  - component: {fileID: 504476288}
  m_Layer: 0
  m_Name: PlayerObjects
  m_TagString: Untagged
  m_Icon: {fileID: 0}
  m_NavMeshLayer: 0
  m_StaticEditorFlags: 0
  m_IsActive: 1
--- !u!4 &504476288
Transform:
  m_ObjectHideFlags: 0
  m_CorrespondingSourceObject: {fileID: 0}
  m_PrefabInstance: {fileID: 0}
  m_PrefabAsset: {fileID: 0}
  m_GameObject: {fileID: 504476287}
  m_LocalRotation: {x: 0, y: 0, z: 0, w: 1}
  m_LocalPosition: {x: -5.4, y: 5.7, z: 0}
  m_LocalScale: {x: 1, y: 1, z: 1}
  m_Children:
  - {fileID: 560709721}
  - {fileID: 559164298}
  - {fileID: 542192873}
  - {fileID: 1168547195}
  m_Father: {fileID: 0}
  m_RootOrder: 8
  m_LocalEulerAnglesHint: {x: 0, y: 0, z: 0}
--- !u!1 &542192872 stripped
GameObject:
  m_CorrespondingSourceObject: {fileID: 6281087825621734540, guid: a04ce2470ed5b3e48985f896fe63985a,
    type: 3}
  m_PrefabInstance: {fileID: 1796953136}
  m_PrefabAsset: {fileID: 0}
--- !u!4 &542192873 stripped
Transform:
  m_CorrespondingSourceObject: {fileID: 6281087825621734543, guid: a04ce2470ed5b3e48985f896fe63985a,
    type: 3}
  m_PrefabInstance: {fileID: 1796953136}
  m_PrefabAsset: {fileID: 0}
--- !u!255 &542192874
FixedJoint2D:
  m_ObjectHideFlags: 0
  m_CorrespondingSourceObject: {fileID: 0}
  m_PrefabInstance: {fileID: 0}
  m_PrefabAsset: {fileID: 0}
  m_GameObject: {fileID: 542192872}
  m_Enabled: 1
  serializedVersion: 4
  m_EnableCollision: 0
  m_ConnectedRigidBody: {fileID: 560709725}
  m_BreakForce: Infinity
  m_BreakTorque: Infinity
  m_AutoConfigureConnectedAnchor: 1
  m_Anchor: {x: 0, y: 0}
  m_ConnectedAnchor: {x: 0.5864932, y: -0.6191772}
  m_DampingRatio: 0
  m_Frequency: 0
--- !u!50 &542192875
Rigidbody2D:
  serializedVersion: 4
  m_ObjectHideFlags: 0
  m_CorrespondingSourceObject: {fileID: 0}
  m_PrefabInstance: {fileID: 0}
  m_PrefabAsset: {fileID: 0}
  m_GameObject: {fileID: 542192872}
  m_BodyType: 0
  m_Simulated: 1
  m_UseFullKinematicContacts: 0
  m_UseAutoMass: 0
  m_Mass: 1
  m_LinearDrag: 0
  m_AngularDrag: 0.05
  m_GravityScale: 1
  m_Material: {fileID: 0}
  m_Interpolate: 0
  m_SleepingMode: 1
  m_CollisionDetection: 0
  m_Constraints: 0
--- !u!1 &559164297 stripped
GameObject:
  m_CorrespondingSourceObject: {fileID: 6281087825621734540, guid: a04ce2470ed5b3e48985f896fe63985a,
    type: 3}
  m_PrefabInstance: {fileID: 6281087826144722693}
  m_PrefabAsset: {fileID: 0}
--- !u!4 &559164298 stripped
Transform:
  m_CorrespondingSourceObject: {fileID: 6281087825621734543, guid: a04ce2470ed5b3e48985f896fe63985a,
    type: 3}
  m_PrefabInstance: {fileID: 6281087826144722693}
  m_PrefabAsset: {fileID: 0}
--- !u!255 &559164299
FixedJoint2D:
  m_ObjectHideFlags: 0
  m_CorrespondingSourceObject: {fileID: 0}
  m_PrefabInstance: {fileID: 0}
  m_PrefabAsset: {fileID: 0}
  m_GameObject: {fileID: 559164297}
  m_Enabled: 1
  serializedVersion: 4
  m_EnableCollision: 0
  m_ConnectedRigidBody: {fileID: 560709725}
  m_BreakForce: Infinity
  m_BreakTorque: Infinity
  m_AutoConfigureConnectedAnchor: 1
  m_Anchor: {x: 0, y: 0}
  m_ConnectedAnchor: {x: -0.82875305, y: -0.9595869}
  m_DampingRatio: 0
  m_Frequency: 0
--- !u!50 &559164300
Rigidbody2D:
  serializedVersion: 4
  m_ObjectHideFlags: 0
  m_CorrespondingSourceObject: {fileID: 0}
  m_PrefabInstance: {fileID: 0}
  m_PrefabAsset: {fileID: 0}
  m_GameObject: {fileID: 559164297}
  m_BodyType: 0
  m_Simulated: 1
  m_UseFullKinematicContacts: 0
  m_UseAutoMass: 0
  m_Mass: 1
  m_LinearDrag: 0
  m_AngularDrag: 0.05
  m_GravityScale: 1
  m_Material: {fileID: 0}
  m_Interpolate: 0
  m_SleepingMode: 1
  m_CollisionDetection: 0
  m_Constraints: 0
--- !u!4 &560709721 stripped
Transform:
  m_CorrespondingSourceObject: {fileID: 1591305574928220720, guid: 37a3561b777cedc4b811629f5266df82,
    type: 3}
  m_PrefabInstance: {fileID: 1591305575484473961}
  m_PrefabAsset: {fileID: 0}
--- !u!50 &560709725 stripped
Rigidbody2D:
  m_CorrespondingSourceObject: {fileID: 1591305574928220724, guid: 37a3561b777cedc4b811629f5266df82,
    type: 3}
  m_PrefabInstance: {fileID: 1591305575484473961}
  m_PrefabAsset: {fileID: 0}
--- !u!1001 &576734340
PrefabInstance:
  m_ObjectHideFlags: 0
  serializedVersion: 2
  m_Modification:
    m_TransformParent: {fileID: 0}
    m_Modifications:
    - target: {fileID: 7827844907343611561, guid: e85bc1302d0ccbe4c9694d9ee432032f,
        type: 3}
      propertyPath: m_Name
      value: MainCamera
      objectReference: {fileID: 0}
    - target: {fileID: 7827844907343611558, guid: e85bc1302d0ccbe4c9694d9ee432032f,
        type: 3}
      propertyPath: m_LocalPosition.x
      value: 92.75
      objectReference: {fileID: 0}
    - target: {fileID: 7827844907343611558, guid: e85bc1302d0ccbe4c9694d9ee432032f,
        type: 3}
      propertyPath: m_LocalPosition.y
      value: 7.58
      objectReference: {fileID: 0}
    - target: {fileID: 7827844907343611558, guid: e85bc1302d0ccbe4c9694d9ee432032f,
        type: 3}
      propertyPath: m_LocalPosition.z
      value: -10
      objectReference: {fileID: 0}
    - target: {fileID: 7827844907343611558, guid: e85bc1302d0ccbe4c9694d9ee432032f,
        type: 3}
      propertyPath: m_LocalRotation.x
      value: 0
      objectReference: {fileID: 0}
    - target: {fileID: 7827844907343611558, guid: e85bc1302d0ccbe4c9694d9ee432032f,
        type: 3}
      propertyPath: m_LocalRotation.y
      value: 0
      objectReference: {fileID: 0}
    - target: {fileID: 7827844907343611558, guid: e85bc1302d0ccbe4c9694d9ee432032f,
        type: 3}
      propertyPath: m_LocalRotation.z
      value: 0
      objectReference: {fileID: 0}
    - target: {fileID: 7827844907343611558, guid: e85bc1302d0ccbe4c9694d9ee432032f,
        type: 3}
      propertyPath: m_LocalRotation.w
      value: 1
      objectReference: {fileID: 0}
    - target: {fileID: 7827844907343611558, guid: e85bc1302d0ccbe4c9694d9ee432032f,
        type: 3}
      propertyPath: m_RootOrder
      value: 0
      objectReference: {fileID: 0}
    - target: {fileID: 7827844907343611558, guid: e85bc1302d0ccbe4c9694d9ee432032f,
        type: 3}
      propertyPath: m_LocalEulerAnglesHint.x
      value: 0
      objectReference: {fileID: 0}
    - target: {fileID: 7827844907343611558, guid: e85bc1302d0ccbe4c9694d9ee432032f,
        type: 3}
      propertyPath: m_LocalEulerAnglesHint.y
      value: 0
      objectReference: {fileID: 0}
    - target: {fileID: 7827844907343611558, guid: e85bc1302d0ccbe4c9694d9ee432032f,
        type: 3}
      propertyPath: m_LocalEulerAnglesHint.z
      value: 0
      objectReference: {fileID: 0}
    - target: {fileID: 7827844907343611559, guid: e85bc1302d0ccbe4c9694d9ee432032f,
        type: 3}
      propertyPath: orthographic size
      value: 10
      objectReference: {fileID: 0}
    m_RemovedComponents: []
  m_SourcePrefab: {fileID: 100100000, guid: e85bc1302d0ccbe4c9694d9ee432032f, type: 3}
--- !u!1001 &593897300
PrefabInstance:
  m_ObjectHideFlags: 0
  serializedVersion: 2
  m_Modification:
    m_TransformParent: {fileID: 0}
    m_Modifications:
    - target: {fileID: 4760483161937855966, guid: 6f7bd473719710144892ffe21f8984e5,
        type: 3}
      propertyPath: m_Name
      value: hospital_background1 (2)
      objectReference: {fileID: 0}
    - target: {fileID: 4760483161937855964, guid: 6f7bd473719710144892ffe21f8984e5,
        type: 3}
      propertyPath: m_LocalPosition.x
      value: 78.46
      objectReference: {fileID: 0}
    - target: {fileID: 4760483161937855964, guid: 6f7bd473719710144892ffe21f8984e5,
        type: 3}
      propertyPath: m_LocalPosition.y
      value: 5.0950446
      objectReference: {fileID: 0}
    - target: {fileID: 4760483161937855964, guid: 6f7bd473719710144892ffe21f8984e5,
        type: 3}
      propertyPath: m_LocalPosition.z
      value: 1
      objectReference: {fileID: 0}
    - target: {fileID: 4760483161937855964, guid: 6f7bd473719710144892ffe21f8984e5,
        type: 3}
      propertyPath: m_LocalRotation.x
      value: 0
      objectReference: {fileID: 0}
    - target: {fileID: 4760483161937855964, guid: 6f7bd473719710144892ffe21f8984e5,
        type: 3}
      propertyPath: m_LocalRotation.y
      value: 0
      objectReference: {fileID: 0}
    - target: {fileID: 4760483161937855964, guid: 6f7bd473719710144892ffe21f8984e5,
        type: 3}
      propertyPath: m_LocalRotation.z
      value: 0
      objectReference: {fileID: 0}
    - target: {fileID: 4760483161937855964, guid: 6f7bd473719710144892ffe21f8984e5,
        type: 3}
      propertyPath: m_LocalRotation.w
      value: 1
      objectReference: {fileID: 0}
    - target: {fileID: 4760483161937855964, guid: 6f7bd473719710144892ffe21f8984e5,
        type: 3}
      propertyPath: m_RootOrder
      value: 4
      objectReference: {fileID: 0}
    - target: {fileID: 4760483161937855964, guid: 6f7bd473719710144892ffe21f8984e5,
        type: 3}
      propertyPath: m_LocalEulerAnglesHint.x
      value: 0
      objectReference: {fileID: 0}
    - target: {fileID: 4760483161937855964, guid: 6f7bd473719710144892ffe21f8984e5,
        type: 3}
      propertyPath: m_LocalEulerAnglesHint.y
      value: 0
      objectReference: {fileID: 0}
    - target: {fileID: 4760483161937855964, guid: 6f7bd473719710144892ffe21f8984e5,
        type: 3}
      propertyPath: m_LocalEulerAnglesHint.z
      value: 0
      objectReference: {fileID: 0}
    m_RemovedComponents: []
  m_SourcePrefab: {fileID: 100100000, guid: 6f7bd473719710144892ffe21f8984e5, type: 3}
--- !u!1001 &593913807
PrefabInstance:
  m_ObjectHideFlags: 0
  serializedVersion: 2
  m_Modification:
    m_TransformParent: {fileID: 0}
    m_Modifications:
    - target: {fileID: 6375046092023204406, guid: c19628faa2f123a4eb5724256ef889a7,
        type: 3}
      propertyPath: m_Name
      value: QuokaAppendage
      objectReference: {fileID: 0}
    - target: {fileID: 8016752647983087370, guid: c19628faa2f123a4eb5724256ef889a7,
        type: 3}
      propertyPath: m_LocalPosition.x
      value: 79.4
      objectReference: {fileID: 0}
    - target: {fileID: 8016752647983087370, guid: c19628faa2f123a4eb5724256ef889a7,
        type: 3}
      propertyPath: m_LocalPosition.y
      value: 13.99
      objectReference: {fileID: 0}
    - target: {fileID: 8016752647983087370, guid: c19628faa2f123a4eb5724256ef889a7,
        type: 3}
      propertyPath: m_LocalPosition.z
      value: -26.483458
      objectReference: {fileID: 0}
    - target: {fileID: 8016752647983087370, guid: c19628faa2f123a4eb5724256ef889a7,
        type: 3}
      propertyPath: m_LocalRotation.x
      value: 0
      objectReference: {fileID: 0}
    - target: {fileID: 8016752647983087370, guid: c19628faa2f123a4eb5724256ef889a7,
        type: 3}
      propertyPath: m_LocalRotation.y
      value: 0
      objectReference: {fileID: 0}
    - target: {fileID: 8016752647983087370, guid: c19628faa2f123a4eb5724256ef889a7,
        type: 3}
      propertyPath: m_LocalRotation.z
      value: 0
      objectReference: {fileID: 0}
    - target: {fileID: 8016752647983087370, guid: c19628faa2f123a4eb5724256ef889a7,
        type: 3}
      propertyPath: m_LocalRotation.w
      value: 1
      objectReference: {fileID: 0}
    - target: {fileID: 8016752647983087370, guid: c19628faa2f123a4eb5724256ef889a7,
        type: 3}
      propertyPath: m_RootOrder
      value: 1
      objectReference: {fileID: 0}
    - target: {fileID: 8016752647983087370, guid: c19628faa2f123a4eb5724256ef889a7,
        type: 3}
      propertyPath: m_LocalEulerAnglesHint.x
      value: 0
      objectReference: {fileID: 0}
    - target: {fileID: 8016752647983087370, guid: c19628faa2f123a4eb5724256ef889a7,
        type: 3}
      propertyPath: m_LocalEulerAnglesHint.y
      value: 0
      objectReference: {fileID: 0}
    - target: {fileID: 8016752647983087370, guid: c19628faa2f123a4eb5724256ef889a7,
        type: 3}
      propertyPath: m_LocalEulerAnglesHint.z
      value: 0
      objectReference: {fileID: 0}
    m_RemovedComponents: []
  m_SourcePrefab: {fileID: 100100000, guid: c19628faa2f123a4eb5724256ef889a7, type: 3}
--- !u!1 &957938709
GameObject:
  m_ObjectHideFlags: 0
  m_CorrespondingSourceObject: {fileID: 0}
  m_PrefabInstance: {fileID: 0}
  m_PrefabAsset: {fileID: 0}
  serializedVersion: 6
  m_Component:
  - component: {fileID: 957938710}
  m_Layer: 0
  m_Name: Level
  m_TagString: Untagged
  m_Icon: {fileID: 0}
  m_NavMeshLayer: 0
  m_StaticEditorFlags: 0
  m_IsActive: 1
--- !u!4 &957938710
Transform:
  m_ObjectHideFlags: 0
  m_CorrespondingSourceObject: {fileID: 0}
  m_PrefabInstance: {fileID: 0}
  m_PrefabAsset: {fileID: 0}
  m_GameObject: {fileID: 957938709}
  m_LocalRotation: {x: -0, y: -0, z: -0, w: 1}
  m_LocalPosition: {x: 0, y: 0, z: 0}
  m_LocalScale: {x: 1, y: 1, z: 1}
  m_Children:
  - {fileID: 1419317674}
  m_Father: {fileID: 0}
  m_RootOrder: 6
  m_LocalEulerAnglesHint: {x: 0, y: 0, z: 0}
--- !u!1001 &1168547194
PrefabInstance:
  m_ObjectHideFlags: 0
  serializedVersion: 2
  m_Modification:
    m_TransformParent: {fileID: 504476288}
    m_Modifications:
    - target: {fileID: 6281087825621734540, guid: a04ce2470ed5b3e48985f896fe63985a,
        type: 3}
      propertyPath: m_Name
      value: FootAppendage (4)
      objectReference: {fileID: 0}
    - target: {fileID: 6281087825621734540, guid: a04ce2470ed5b3e48985f896fe63985a,
        type: 3}
      propertyPath: m_IsActive
      value: 0
      objectReference: {fileID: 0}
    - target: {fileID: 6281087825621734543, guid: a04ce2470ed5b3e48985f896fe63985a,
        type: 3}
      propertyPath: m_LocalPosition.x
      value: 1.55
      objectReference: {fileID: 0}
    - target: {fileID: 6281087825621734543, guid: a04ce2470ed5b3e48985f896fe63985a,
        type: 3}
      propertyPath: m_LocalPosition.y
      value: 0.52
      objectReference: {fileID: 0}
    - target: {fileID: 6281087825621734543, guid: a04ce2470ed5b3e48985f896fe63985a,
        type: 3}
      propertyPath: m_LocalPosition.z
      value: 0
      objectReference: {fileID: 0}
    - target: {fileID: 6281087825621734543, guid: a04ce2470ed5b3e48985f896fe63985a,
        type: 3}
      propertyPath: m_LocalRotation.x
      value: -0
      objectReference: {fileID: 0}
    - target: {fileID: 6281087825621734543, guid: a04ce2470ed5b3e48985f896fe63985a,
        type: 3}
      propertyPath: m_LocalRotation.y
      value: -0
      objectReference: {fileID: 0}
    - target: {fileID: 6281087825621734543, guid: a04ce2470ed5b3e48985f896fe63985a,
        type: 3}
      propertyPath: m_LocalRotation.z
      value: 0.30398417
      objectReference: {fileID: 0}
    - target: {fileID: 6281087825621734543, guid: a04ce2470ed5b3e48985f896fe63985a,
        type: 3}
      propertyPath: m_LocalRotation.w
      value: 0.9526771
      objectReference: {fileID: 0}
    - target: {fileID: 6281087825621734543, guid: a04ce2470ed5b3e48985f896fe63985a,
        type: 3}
      propertyPath: m_RootOrder
      value: 3
      objectReference: {fileID: 0}
    - target: {fileID: 6281087825621734543, guid: a04ce2470ed5b3e48985f896fe63985a,
        type: 3}
      propertyPath: m_LocalEulerAnglesHint.x
      value: 0
      objectReference: {fileID: 0}
    - target: {fileID: 6281087825621734543, guid: a04ce2470ed5b3e48985f896fe63985a,
        type: 3}
      propertyPath: m_LocalEulerAnglesHint.y
      value: 0
      objectReference: {fileID: 0}
    - target: {fileID: 6281087825621734543, guid: a04ce2470ed5b3e48985f896fe63985a,
        type: 3}
      propertyPath: m_LocalEulerAnglesHint.z
      value: 35.394
      objectReference: {fileID: 0}
    - target: {fileID: 4135545023107887043, guid: a04ce2470ed5b3e48985f896fe63985a,
        type: 3}
      propertyPath: keyCode
      value: 101
      objectReference: {fileID: 0}
    - target: {fileID: 4135545023107887043, guid: a04ce2470ed5b3e48985f896fe63985a,
        type: 3}
      propertyPath: attached
      value: 1
      objectReference: {fileID: 0}
    m_RemovedComponents: []
  m_SourcePrefab: {fileID: 100100000, guid: a04ce2470ed5b3e48985f896fe63985a, type: 3}
--- !u!4 &1168547195 stripped
Transform:
  m_CorrespondingSourceObject: {fileID: 6281087825621734543, guid: a04ce2470ed5b3e48985f896fe63985a,
    type: 3}
  m_PrefabInstance: {fileID: 1168547194}
  m_PrefabAsset: {fileID: 0}
--- !u!1 &1168547196 stripped
GameObject:
  m_CorrespondingSourceObject: {fileID: 6281087825621734540, guid: a04ce2470ed5b3e48985f896fe63985a,
    type: 3}
  m_PrefabInstance: {fileID: 1168547194}
  m_PrefabAsset: {fileID: 0}
--- !u!255 &1168547197
FixedJoint2D:
  m_ObjectHideFlags: 0
  m_CorrespondingSourceObject: {fileID: 0}
  m_PrefabInstance: {fileID: 0}
  m_PrefabAsset: {fileID: 0}
  m_GameObject: {fileID: 1168547196}
  m_Enabled: 1
  serializedVersion: 4
  m_EnableCollision: 0
  m_ConnectedRigidBody: {fileID: 560709725}
  m_BreakForce: Infinity
  m_BreakTorque: Infinity
  m_AutoConfigureConnectedAnchor: 1
  m_Anchor: {x: 0, y: 0}
  m_ConnectedAnchor: {x: 1.7378789, y: -0.01253844}
  m_DampingRatio: 0
  m_Frequency: 0
--- !u!50 &1168547198
Rigidbody2D:
  serializedVersion: 4
  m_ObjectHideFlags: 0
  m_CorrespondingSourceObject: {fileID: 0}
  m_PrefabInstance: {fileID: 0}
  m_PrefabAsset: {fileID: 0}
  m_GameObject: {fileID: 1168547196}
  m_BodyType: 0
  m_Simulated: 1
  m_UseFullKinematicContacts: 0
  m_UseAutoMass: 0
  m_Mass: 1
  m_LinearDrag: 0
  m_AngularDrag: 0.05
  m_GravityScale: 1
  m_Material: {fileID: 0}
  m_Interpolate: 0
  m_SleepingMode: 1
  m_CollisionDetection: 0
  m_Constraints: 0
--- !u!1 &1419317673
GameObject:
  m_ObjectHideFlags: 0
  m_CorrespondingSourceObject: {fileID: 0}
  m_PrefabInstance: {fileID: 0}
  m_PrefabAsset: {fileID: 0}
  serializedVersion: 6
  m_Component:
  - component: {fileID: 1419317674}
  - component: {fileID: 1419317678}
  - component: {fileID: 1419317677}
  - component: {fileID: 1419317676}
  - component: {fileID: 1419317675}
  m_Layer: 0
  m_Name: New Sprite
  m_TagString: Untagged
  m_Icon: {fileID: 0}
  m_NavMeshLayer: 0
  m_StaticEditorFlags: 0
  m_IsActive: 1
--- !u!4 &1419317674
Transform:
  m_ObjectHideFlags: 0
  m_CorrespondingSourceObject: {fileID: 0}
  m_PrefabInstance: {fileID: 0}
  m_PrefabAsset: {fileID: 0}
  m_GameObject: {fileID: 1419317673}
  m_LocalRotation: {x: 0, y: 0, z: 0, w: 1}
  m_LocalPosition: {x: 2.7, y: 1.66, z: 0}
  m_LocalScale: {x: 1, y: 1, z: 1}
  m_Children: []
  m_Father: {fileID: 957938710}
  m_RootOrder: 0
  m_LocalEulerAnglesHint: {x: 0, y: 0, z: 0}
--- !u!114 &1419317675
MonoBehaviour:
  m_ObjectHideFlags: 0
  m_CorrespondingSourceObject: {fileID: 0}
  m_PrefabInstance: {fileID: 0}
  m_PrefabAsset: {fileID: 0}
  m_GameObject: {fileID: 1419317673}
  m_Enabled: 1
  m_EditorHideFlags: 0
  m_Script: {fileID: 11500000, guid: 7b7af5c3d2897794ca8cd0cde1aa02e0, type: 3}
  m_Name: 
  m_EditorClassIdentifier: 
--- !u!50 &1419317676
Rigidbody2D:
  serializedVersion: 4
  m_ObjectHideFlags: 0
  m_CorrespondingSourceObject: {fileID: 0}
  m_PrefabInstance: {fileID: 0}
  m_PrefabAsset: {fileID: 0}
  m_GameObject: {fileID: 1419317673}
  m_BodyType: 0
  m_Simulated: 1
  m_UseFullKinematicContacts: 0
  m_UseAutoMass: 0
  m_Mass: 1
  m_LinearDrag: 0
  m_AngularDrag: 0.05
  m_GravityScale: 1
  m_Material: {fileID: 0}
  m_Interpolate: 0
  m_SleepingMode: 1
  m_CollisionDetection: 0
  m_Constraints: 0
--- !u!60 &1419317677
PolygonCollider2D:
  m_ObjectHideFlags: 0
  m_CorrespondingSourceObject: {fileID: 0}
  m_PrefabInstance: {fileID: 0}
  m_PrefabAsset: {fileID: 0}
  m_GameObject: {fileID: 1419317673}
  m_Enabled: 1
  m_Density: 1
  m_Material: {fileID: 0}
  m_IsTrigger: 0
  m_UsedByEffector: 0
  m_UsedByComposite: 0
  m_Offset: {x: 0, y: 0}
  m_SpriteTilingProperty:
    border: {x: 0, y: 0, z: 0, w: 0}
    pivot: {x: 0.5, y: 0.5}
    oldSize: {x: 2.37, y: 1.26}
    newSize: {x: 2.37, y: 1.26}
    adaptiveTilingThreshold: 0.5
    drawMode: 0
    adaptiveTiling: 0
  m_AutoTiling: 0
  m_Points:
    m_Paths:
    - - {x: 0.755, y: -0.41}
      - {x: 0.875, y: -0.31}
      - {x: 1.025, y: -0.13}
      - {x: 1.0649999, y: -0.06}
      - {x: 1.0649999, y: 0.21}
      - {x: 0.98499995, y: 0.32999998}
      - {x: 0.835, y: 0.39999998}
      - {x: 0.60499996, y: 0.5}
      - {x: 0.49499997, y: 0.53}
      - {x: 0.105, y: 0.61}
      - {x: 0.024999999, y: 0.63}
      - {x: -0.555, y: 0.63}
      - {x: -0.685, y: 0.61}
      - {x: -0.85499996, y: 0.51}
      - {x: -0.945, y: 0.44}
      - {x: -1.0649999, y: 0.31}
      - {x: -1.135, y: 0.22}
      - {x: -1.185, y: 0.089999996}
      - {x: -1.185, y: -0.19999999}
      - {x: -1.045, y: -0.42}
      - {x: -0.92499995, y: -0.53}
      - {x: -0.73499995, y: -0.59}
      - {x: -0.405, y: -0.59}
      - {x: 0.085, y: -0.58}
      - {x: 0.345, y: -0.56}
      - {x: 0.585, y: -0.5}
--- !u!212 &1419317678
SpriteRenderer:
  m_ObjectHideFlags: 0
  m_CorrespondingSourceObject: {fileID: 0}
  m_PrefabInstance: {fileID: 0}
  m_PrefabAsset: {fileID: 0}
  m_GameObject: {fileID: 1419317673}
  m_Enabled: 1
  m_CastShadows: 0
  m_ReceiveShadows: 0
  m_DynamicOccludee: 1
  m_MotionVectors: 1
  m_LightProbeUsage: 1
  m_ReflectionProbeUsage: 1
  m_RenderingLayerMask: 1
  m_RendererPriority: 0
  m_Materials:
  - {fileID: 10754, guid: 0000000000000000f000000000000000, type: 0}
  m_StaticBatchInfo:
    firstSubMesh: 0
    subMeshCount: 0
  m_StaticBatchRoot: {fileID: 0}
  m_ProbeAnchor: {fileID: 0}
  m_LightProbeVolumeOverride: {fileID: 0}
  m_ScaleInLightmap: 1
  m_ReceiveGI: 1
  m_PreserveUVs: 0
  m_IgnoreNormalsForChartDetection: 0
  m_ImportantGI: 0
  m_StitchLightmapSeams: 1
  m_SelectedEditorRenderState: 0
  m_MinimumChartSize: 4
  m_AutoUVMaxDistance: 0.5
  m_AutoUVMaxAngle: 89
  m_LightmapParameters: {fileID: 0}
  m_SortingLayerID: 0
  m_SortingLayer: 0
  m_SortingOrder: 0
  m_Sprite: {fileID: 21300000, guid: d1dd4564ab951434ab359feda415ab67, type: 3}
  m_Color: {r: 1, g: 1, b: 1, a: 1}
  m_FlipX: 0
  m_FlipY: 0
  m_DrawMode: 0
  m_Size: {x: 2.37, y: 1.26}
  m_AdaptiveModeThreshold: 0.5
  m_SpriteTileMode: 0
  m_WasSpriteAssigned: 1
  m_MaskInteraction: 0
  m_SpriteSortPoint: 0
--- !u!1001 &1705391915
PrefabInstance:
  m_ObjectHideFlags: 0
  serializedVersion: 2
  m_Modification:
    m_TransformParent: {fileID: 0}
    m_Modifications:
    - target: {fileID: 3250787386864797586, guid: dbce043f631ac6449b234f2b353956f9,
        type: 3}
      propertyPath: m_Name
      value: SoundManager
      objectReference: {fileID: 0}
    - target: {fileID: 3250787386864797584, guid: dbce043f631ac6449b234f2b353956f9,
        type: 3}
      propertyPath: m_LocalPosition.x
      value: -0.5026543
      objectReference: {fileID: 0}
    - target: {fileID: 3250787386864797584, guid: dbce043f631ac6449b234f2b353956f9,
        type: 3}
      propertyPath: m_LocalPosition.y
      value: -0.35746306
      objectReference: {fileID: 0}
    - target: {fileID: 3250787386864797584, guid: dbce043f631ac6449b234f2b353956f9,
        type: 3}
      propertyPath: m_LocalPosition.z
      value: -12.639648
      objectReference: {fileID: 0}
    - target: {fileID: 3250787386864797584, guid: dbce043f631ac6449b234f2b353956f9,
        type: 3}
      propertyPath: m_LocalRotation.x
      value: 0
      objectReference: {fileID: 0}
    - target: {fileID: 3250787386864797584, guid: dbce043f631ac6449b234f2b353956f9,
        type: 3}
      propertyPath: m_LocalRotation.y
      value: 0
      objectReference: {fileID: 0}
    - target: {fileID: 3250787386864797584, guid: dbce043f631ac6449b234f2b353956f9,
        type: 3}
      propertyPath: m_LocalRotation.z
      value: 0
      objectReference: {fileID: 0}
    - target: {fileID: 3250787386864797584, guid: dbce043f631ac6449b234f2b353956f9,
        type: 3}
      propertyPath: m_LocalRotation.w
      value: 1
      objectReference: {fileID: 0}
    - target: {fileID: 3250787386864797584, guid: dbce043f631ac6449b234f2b353956f9,
        type: 3}
      propertyPath: m_RootOrder
      value: 15
      objectReference: {fileID: 0}
    - target: {fileID: 3250787386864797584, guid: dbce043f631ac6449b234f2b353956f9,
        type: 3}
      propertyPath: m_LocalEulerAnglesHint.x
      value: 0
      objectReference: {fileID: 0}
    - target: {fileID: 3250787386864797584, guid: dbce043f631ac6449b234f2b353956f9,
        type: 3}
      propertyPath: m_LocalEulerAnglesHint.y
      value: 0
      objectReference: {fileID: 0}
    - target: {fileID: 3250787386864797584, guid: dbce043f631ac6449b234f2b353956f9,
        type: 3}
      propertyPath: m_LocalEulerAnglesHint.z
      value: 0
      objectReference: {fileID: 0}
    m_RemovedComponents: []
  m_SourcePrefab: {fileID: 100100000, guid: dbce043f631ac6449b234f2b353956f9, type: 3}
--- !u!1001 &1796953136
PrefabInstance:
  m_ObjectHideFlags: 0
  serializedVersion: 2
  m_Modification:
    m_TransformParent: {fileID: 504476288}
    m_Modifications:
    - target: {fileID: 6281087825621734540, guid: a04ce2470ed5b3e48985f896fe63985a,
        type: 3}
      propertyPath: m_Name
      value: FootAppendage (3)
      objectReference: {fileID: 0}
    - target: {fileID: 6281087825621734540, guid: a04ce2470ed5b3e48985f896fe63985a,
        type: 3}
      propertyPath: m_IsActive
      value: 0
      objectReference: {fileID: 0}
    - target: {fileID: 6281087825621734543, guid: a04ce2470ed5b3e48985f896fe63985a,
        type: 3}
      propertyPath: m_LocalPosition.x
      value: 0.39
      objectReference: {fileID: 0}
    - target: {fileID: 6281087825621734543, guid: a04ce2470ed5b3e48985f896fe63985a,
        type: 3}
      propertyPath: m_LocalPosition.y
      value: -0.07
      objectReference: {fileID: 0}
    - target: {fileID: 6281087825621734543, guid: a04ce2470ed5b3e48985f896fe63985a,
        type: 3}
      propertyPath: m_LocalPosition.z
      value: 0
      objectReference: {fileID: 0}
    - target: {fileID: 6281087825621734543, guid: a04ce2470ed5b3e48985f896fe63985a,
        type: 3}
      propertyPath: m_LocalRotation.x
      value: -0
      objectReference: {fileID: 0}
    - target: {fileID: 6281087825621734543, guid: a04ce2470ed5b3e48985f896fe63985a,
        type: 3}
      propertyPath: m_LocalRotation.y
      value: -0
      objectReference: {fileID: 0}
    - target: {fileID: 6281087825621734543, guid: a04ce2470ed5b3e48985f896fe63985a,
        type: 3}
      propertyPath: m_LocalRotation.z
      value: 0.18290417
      objectReference: {fileID: 0}
    - target: {fileID: 6281087825621734543, guid: a04ce2470ed5b3e48985f896fe63985a,
        type: 3}
      propertyPath: m_LocalRotation.w
      value: 0.98313075
      objectReference: {fileID: 0}
    - target: {fileID: 6281087825621734543, guid: a04ce2470ed5b3e48985f896fe63985a,
        type: 3}
      propertyPath: m_RootOrder
      value: 2
      objectReference: {fileID: 0}
    - target: {fileID: 6281087825621734543, guid: a04ce2470ed5b3e48985f896fe63985a,
        type: 3}
      propertyPath: m_LocalEulerAnglesHint.x
      value: 0
      objectReference: {fileID: 0}
    - target: {fileID: 6281087825621734543, guid: a04ce2470ed5b3e48985f896fe63985a,
        type: 3}
      propertyPath: m_LocalEulerAnglesHint.y
      value: 0
      objectReference: {fileID: 0}
    - target: {fileID: 6281087825621734543, guid: a04ce2470ed5b3e48985f896fe63985a,
        type: 3}
      propertyPath: m_LocalEulerAnglesHint.z
      value: 21.078001
      objectReference: {fileID: 0}
    - target: {fileID: 4135545023107887043, guid: a04ce2470ed5b3e48985f896fe63985a,
        type: 3}
      propertyPath: keyCode
      value: 119
      objectReference: {fileID: 0}
    - target: {fileID: 4135545023107887043, guid: a04ce2470ed5b3e48985f896fe63985a,
        type: 3}
      propertyPath: attached
      value: 1
      objectReference: {fileID: 0}
    m_RemovedComponents: []
  m_SourcePrefab: {fileID: 100100000, guid: a04ce2470ed5b3e48985f896fe63985a, type: 3}
--- !u!1001 &1996027989
PrefabInstance:
  m_ObjectHideFlags: 0
  serializedVersion: 2
  m_Modification:
    m_TransformParent: {fileID: 0}
    m_Modifications:
    - target: {fileID: 4760483161937855966, guid: 6f7bd473719710144892ffe21f8984e5,
        type: 3}
      propertyPath: m_Name
      value: hospital_background1 (1)
      objectReference: {fileID: 0}
    - target: {fileID: 4760483161937855964, guid: 6f7bd473719710144892ffe21f8984e5,
        type: 3}
      propertyPath: m_LocalPosition.x
      value: 38.96
      objectReference: {fileID: 0}
    - target: {fileID: 4760483161937855964, guid: 6f7bd473719710144892ffe21f8984e5,
        type: 3}
      propertyPath: m_LocalPosition.y
      value: 5.0950446
      objectReference: {fileID: 0}
    - target: {fileID: 4760483161937855964, guid: 6f7bd473719710144892ffe21f8984e5,
        type: 3}
      propertyPath: m_LocalPosition.z
      value: 1
      objectReference: {fileID: 0}
    - target: {fileID: 4760483161937855964, guid: 6f7bd473719710144892ffe21f8984e5,
        type: 3}
      propertyPath: m_LocalRotation.x
      value: 0
      objectReference: {fileID: 0}
    - target: {fileID: 4760483161937855964, guid: 6f7bd473719710144892ffe21f8984e5,
        type: 3}
      propertyPath: m_LocalRotation.y
      value: 0
      objectReference: {fileID: 0}
    - target: {fileID: 4760483161937855964, guid: 6f7bd473719710144892ffe21f8984e5,
        type: 3}
      propertyPath: m_LocalRotation.z
      value: 0
      objectReference: {fileID: 0}
    - target: {fileID: 4760483161937855964, guid: 6f7bd473719710144892ffe21f8984e5,
        type: 3}
      propertyPath: m_LocalRotation.w
      value: 1
      objectReference: {fileID: 0}
    - target: {fileID: 4760483161937855964, guid: 6f7bd473719710144892ffe21f8984e5,
        type: 3}
      propertyPath: m_RootOrder
      value: 3
      objectReference: {fileID: 0}
    - target: {fileID: 4760483161937855964, guid: 6f7bd473719710144892ffe21f8984e5,
        type: 3}
      propertyPath: m_LocalEulerAnglesHint.x
      value: 0
      objectReference: {fileID: 0}
    - target: {fileID: 4760483161937855964, guid: 6f7bd473719710144892ffe21f8984e5,
        type: 3}
      propertyPath: m_LocalEulerAnglesHint.y
      value: 0
      objectReference: {fileID: 0}
    - target: {fileID: 4760483161937855964, guid: 6f7bd473719710144892ffe21f8984e5,
        type: 3}
      propertyPath: m_LocalEulerAnglesHint.z
      value: 0
      objectReference: {fileID: 0}
    m_RemovedComponents: []
  m_SourcePrefab: {fileID: 100100000, guid: 6f7bd473719710144892ffe21f8984e5, type: 3}
--- !u!1001 &2028574646
PrefabInstance:
  m_ObjectHideFlags: 0
  serializedVersion: 2
  m_Modification:
    m_TransformParent: {fileID: 0}
    m_Modifications:
    - target: {fileID: 5790992790069662676, guid: fbbce3df8bdd8a444a019baded2e5c36,
        type: 3}
      propertyPath: m_Name
      value: FrogHeadAppendage
      objectReference: {fileID: 0}
    - target: {fileID: 5790992790069662672, guid: fbbce3df8bdd8a444a019baded2e5c36,
        type: 3}
      propertyPath: m_LocalPosition.x
      value: 58.525578
      objectReference: {fileID: 0}
    - target: {fileID: 5790992790069662672, guid: fbbce3df8bdd8a444a019baded2e5c36,
        type: 3}
      propertyPath: m_LocalPosition.y
      value: 6.298646
      objectReference: {fileID: 0}
    - target: {fileID: 5790992790069662672, guid: fbbce3df8bdd8a444a019baded2e5c36,
        type: 3}
      propertyPath: m_LocalPosition.z
      value: -0.13178746
      objectReference: {fileID: 0}
    - target: {fileID: 5790992790069662672, guid: fbbce3df8bdd8a444a019baded2e5c36,
        type: 3}
      propertyPath: m_LocalRotation.x
      value: 0
      objectReference: {fileID: 0}
    - target: {fileID: 5790992790069662672, guid: fbbce3df8bdd8a444a019baded2e5c36,
        type: 3}
      propertyPath: m_LocalRotation.y
      value: 0
      objectReference: {fileID: 0}
    - target: {fileID: 5790992790069662672, guid: fbbce3df8bdd8a444a019baded2e5c36,
        type: 3}
      propertyPath: m_LocalRotation.z
      value: 0
      objectReference: {fileID: 0}
    - target: {fileID: 5790992790069662672, guid: fbbce3df8bdd8a444a019baded2e5c36,
        type: 3}
      propertyPath: m_LocalRotation.w
      value: 1
      objectReference: {fileID: 0}
    - target: {fileID: 5790992790069662672, guid: fbbce3df8bdd8a444a019baded2e5c36,
        type: 3}
      propertyPath: m_RootOrder
      value: 14
      objectReference: {fileID: 0}
    - target: {fileID: 5790992790069662672, guid: fbbce3df8bdd8a444a019baded2e5c36,
        type: 3}
      propertyPath: m_LocalEulerAnglesHint.x
      value: 0
      objectReference: {fileID: 0}
    - target: {fileID: 5790992790069662672, guid: fbbce3df8bdd8a444a019baded2e5c36,
        type: 3}
      propertyPath: m_LocalEulerAnglesHint.y
      value: 0
      objectReference: {fileID: 0}
    - target: {fileID: 5790992790069662672, guid: fbbce3df8bdd8a444a019baded2e5c36,
        type: 3}
      propertyPath: m_LocalEulerAnglesHint.z
      value: 0
      objectReference: {fileID: 0}
    m_RemovedComponents: []
  m_SourcePrefab: {fileID: 100100000, guid: fbbce3df8bdd8a444a019baded2e5c36, type: 3}
--- !u!1001 &1010032436113544003
PrefabInstance:
  m_ObjectHideFlags: 0
  serializedVersion: 2
  m_Modification:
    m_TransformParent: {fileID: 0}
    m_Modifications:
    - target: {fileID: 1010032436321774503, guid: 1ede743b406b32644b8e198b25a8f7b2,
        type: 3}
      propertyPath: m_Name
      value: UICanvas
      objectReference: {fileID: 0}
    - target: {fileID: 1010032436321774507, guid: 1ede743b406b32644b8e198b25a8f7b2,
        type: 3}
      propertyPath: m_LocalPosition.x
      value: 0
      objectReference: {fileID: 0}
    - target: {fileID: 1010032436321774507, guid: 1ede743b406b32644b8e198b25a8f7b2,
        type: 3}
      propertyPath: m_LocalPosition.y
      value: 0
      objectReference: {fileID: 0}
    - target: {fileID: 1010032436321774507, guid: 1ede743b406b32644b8e198b25a8f7b2,
        type: 3}
      propertyPath: m_LocalPosition.z
      value: 0
      objectReference: {fileID: 0}
    - target: {fileID: 1010032436321774507, guid: 1ede743b406b32644b8e198b25a8f7b2,
        type: 3}
      propertyPath: m_LocalRotation.x
      value: 0
      objectReference: {fileID: 0}
    - target: {fileID: 1010032436321774507, guid: 1ede743b406b32644b8e198b25a8f7b2,
        type: 3}
      propertyPath: m_LocalRotation.y
      value: 0
      objectReference: {fileID: 0}
    - target: {fileID: 1010032436321774507, guid: 1ede743b406b32644b8e198b25a8f7b2,
        type: 3}
      propertyPath: m_LocalRotation.z
      value: 0
      objectReference: {fileID: 0}
    - target: {fileID: 1010032436321774507, guid: 1ede743b406b32644b8e198b25a8f7b2,
        type: 3}
      propertyPath: m_LocalRotation.w
      value: 1
      objectReference: {fileID: 0}
    - target: {fileID: 1010032436321774507, guid: 1ede743b406b32644b8e198b25a8f7b2,
        type: 3}
      propertyPath: m_RootOrder
      value: 11
      objectReference: {fileID: 0}
    - target: {fileID: 1010032436321774507, guid: 1ede743b406b32644b8e198b25a8f7b2,
        type: 3}
      propertyPath: m_LocalEulerAnglesHint.x
      value: 0
      objectReference: {fileID: 0}
    - target: {fileID: 1010032436321774507, guid: 1ede743b406b32644b8e198b25a8f7b2,
        type: 3}
      propertyPath: m_LocalEulerAnglesHint.y
      value: 0
      objectReference: {fileID: 0}
    - target: {fileID: 1010032436321774507, guid: 1ede743b406b32644b8e198b25a8f7b2,
        type: 3}
      propertyPath: m_LocalEulerAnglesHint.z
      value: 0
      objectReference: {fileID: 0}
    - target: {fileID: 1010032436321774507, guid: 1ede743b406b32644b8e198b25a8f7b2,
        type: 3}
      propertyPath: m_AnchoredPosition.x
      value: 0
      objectReference: {fileID: 0}
    - target: {fileID: 1010032436321774507, guid: 1ede743b406b32644b8e198b25a8f7b2,
        type: 3}
      propertyPath: m_AnchoredPosition.y
      value: 0
      objectReference: {fileID: 0}
    - target: {fileID: 1010032436321774507, guid: 1ede743b406b32644b8e198b25a8f7b2,
        type: 3}
      propertyPath: m_SizeDelta.x
      value: 0
      objectReference: {fileID: 0}
    - target: {fileID: 1010032436321774507, guid: 1ede743b406b32644b8e198b25a8f7b2,
        type: 3}
      propertyPath: m_SizeDelta.y
      value: 0
      objectReference: {fileID: 0}
    - target: {fileID: 1010032436321774507, guid: 1ede743b406b32644b8e198b25a8f7b2,
        type: 3}
      propertyPath: m_AnchorMin.x
      value: 0
      objectReference: {fileID: 0}
    - target: {fileID: 1010032436321774507, guid: 1ede743b406b32644b8e198b25a8f7b2,
        type: 3}
      propertyPath: m_AnchorMin.y
      value: 0
      objectReference: {fileID: 0}
    - target: {fileID: 1010032436321774507, guid: 1ede743b406b32644b8e198b25a8f7b2,
        type: 3}
      propertyPath: m_AnchorMax.x
      value: 0
      objectReference: {fileID: 0}
    - target: {fileID: 1010032436321774507, guid: 1ede743b406b32644b8e198b25a8f7b2,
        type: 3}
      propertyPath: m_AnchorMax.y
      value: 0
      objectReference: {fileID: 0}
    - target: {fileID: 1010032436321774507, guid: 1ede743b406b32644b8e198b25a8f7b2,
        type: 3}
      propertyPath: m_Pivot.x
      value: 0
      objectReference: {fileID: 0}
    - target: {fileID: 1010032436321774507, guid: 1ede743b406b32644b8e198b25a8f7b2,
        type: 3}
      propertyPath: m_Pivot.y
      value: 0
      objectReference: {fileID: 0}
    m_RemovedComponents: []
  m_SourcePrefab: {fileID: 100100000, guid: 1ede743b406b32644b8e198b25a8f7b2, type: 3}
--- !u!1001 &1591305575484473961
PrefabInstance:
  m_ObjectHideFlags: 0
  serializedVersion: 2
  m_Modification:
    m_TransformParent: {fileID: 504476288}
    m_Modifications:
    - target: {fileID: 1591305574928220721, guid: 37a3561b777cedc4b811629f5266df82,
        type: 3}
      propertyPath: m_Name
      value: PlayerBody
      objectReference: {fileID: 0}
    - target: {fileID: 1591305574928220720, guid: 37a3561b777cedc4b811629f5266df82,
        type: 3}
      propertyPath: m_LocalPosition.x
      value: -0.18751812
      objectReference: {fileID: 0}
    - target: {fileID: 1591305574928220720, guid: 37a3561b777cedc4b811629f5266df82,
        type: 3}
      propertyPath: m_LocalPosition.y
      value: 0.55755615
      objectReference: {fileID: 0}
    - target: {fileID: 1591305574928220720, guid: 37a3561b777cedc4b811629f5266df82,
        type: 3}
      propertyPath: m_LocalPosition.z
      value: 0
      objectReference: {fileID: 0}
    - target: {fileID: 1591305574928220720, guid: 37a3561b777cedc4b811629f5266df82,
        type: 3}
      propertyPath: m_LocalRotation.x
      value: -0
      objectReference: {fileID: 0}
    - target: {fileID: 1591305574928220720, guid: 37a3561b777cedc4b811629f5266df82,
        type: 3}
      propertyPath: m_LocalRotation.y
      value: -0
      objectReference: {fileID: 0}
    - target: {fileID: 1591305574928220720, guid: 37a3561b777cedc4b811629f5266df82,
        type: 3}
      propertyPath: m_LocalRotation.z
      value: -0.007198338
      objectReference: {fileID: 0}
    - target: {fileID: 1591305574928220720, guid: 37a3561b777cedc4b811629f5266df82,
        type: 3}
      propertyPath: m_LocalRotation.w
      value: 0.99997413
      objectReference: {fileID: 0}
    - target: {fileID: 1591305574928220720, guid: 37a3561b777cedc4b811629f5266df82,
        type: 3}
      propertyPath: m_RootOrder
      value: 0
      objectReference: {fileID: 0}
    - target: {fileID: 1591305574928220720, guid: 37a3561b777cedc4b811629f5266df82,
        type: 3}
      propertyPath: m_LocalEulerAnglesHint.x
      value: 0
      objectReference: {fileID: 0}
    - target: {fileID: 1591305574928220720, guid: 37a3561b777cedc4b811629f5266df82,
        type: 3}
      propertyPath: m_LocalEulerAnglesHint.y
      value: 0
      objectReference: {fileID: 0}
    - target: {fileID: 1591305574928220720, guid: 37a3561b777cedc4b811629f5266df82,
        type: 3}
      propertyPath: m_LocalEulerAnglesHint.z
      value: -0.82500005
      objectReference: {fileID: 0}
    m_RemovedComponents: []
  m_SourcePrefab: {fileID: 100100000, guid: 37a3561b777cedc4b811629f5266df82, type: 3}
--- !u!1001 &5620834449214584928
PrefabInstance:
  m_ObjectHideFlags: 0
  serializedVersion: 2
  m_Modification:
    m_TransformParent: {fileID: 0}
    m_Modifications:
    - target: {fileID: 5620834449703046324, guid: 8b8e9fb9e88e9b34faa696ce1a82f575,
        type: 3}
      propertyPath: m_Name
      value: LevelManager
      objectReference: {fileID: 0}
    - target: {fileID: 5620834449703046326, guid: 8b8e9fb9e88e9b34faa696ce1a82f575,
        type: 3}
      propertyPath: m_LocalPosition.x
      value: 0
      objectReference: {fileID: 0}
    - target: {fileID: 5620834449703046326, guid: 8b8e9fb9e88e9b34faa696ce1a82f575,
        type: 3}
      propertyPath: m_LocalPosition.y
      value: 0
      objectReference: {fileID: 0}
    - target: {fileID: 5620834449703046326, guid: 8b8e9fb9e88e9b34faa696ce1a82f575,
        type: 3}
      propertyPath: m_LocalPosition.z
      value: 0
      objectReference: {fileID: 0}
    - target: {fileID: 5620834449703046326, guid: 8b8e9fb9e88e9b34faa696ce1a82f575,
        type: 3}
      propertyPath: m_LocalRotation.x
      value: 0
      objectReference: {fileID: 0}
    - target: {fileID: 5620834449703046326, guid: 8b8e9fb9e88e9b34faa696ce1a82f575,
        type: 3}
      propertyPath: m_LocalRotation.y
      value: 0
      objectReference: {fileID: 0}
    - target: {fileID: 5620834449703046326, guid: 8b8e9fb9e88e9b34faa696ce1a82f575,
        type: 3}
      propertyPath: m_LocalRotation.z
      value: 0
      objectReference: {fileID: 0}
    - target: {fileID: 5620834449703046326, guid: 8b8e9fb9e88e9b34faa696ce1a82f575,
        type: 3}
      propertyPath: m_LocalRotation.w
      value: 1
      objectReference: {fileID: 0}
    - target: {fileID: 5620834449703046326, guid: 8b8e9fb9e88e9b34faa696ce1a82f575,
        type: 3}
      propertyPath: m_RootOrder
      value: 9
      objectReference: {fileID: 0}
    - target: {fileID: 5620834449703046326, guid: 8b8e9fb9e88e9b34faa696ce1a82f575,
        type: 3}
      propertyPath: m_LocalEulerAnglesHint.x
      value: 0
      objectReference: {fileID: 0}
    - target: {fileID: 5620834449703046326, guid: 8b8e9fb9e88e9b34faa696ce1a82f575,
        type: 3}
      propertyPath: m_LocalEulerAnglesHint.y
      value: 0
      objectReference: {fileID: 0}
    - target: {fileID: 5620834449703046326, guid: 8b8e9fb9e88e9b34faa696ce1a82f575,
        type: 3}
      propertyPath: m_LocalEulerAnglesHint.z
      value: 0
      objectReference: {fileID: 0}
    m_RemovedComponents: []
  m_SourcePrefab: {fileID: 100100000, guid: 8b8e9fb9e88e9b34faa696ce1a82f575, type: 3}
--- !u!1001 &6109936581720843037
PrefabInstance:
  m_ObjectHideFlags: 0
  serializedVersion: 2
  m_Modification:
    m_TransformParent: {fileID: 0}
    m_Modifications:
    - target: {fileID: 6109936582197417197, guid: 7dafe66af3989904983e2aa154b1fcb6,
        type: 3}
      propertyPath: m_Name
      value: LevelExit
      objectReference: {fileID: 0}
    - target: {fileID: 6109936582197417196, guid: 7dafe66af3989904983e2aa154b1fcb6,
        type: 3}
      propertyPath: m_LocalPosition.x
      value: 92.5
      objectReference: {fileID: 0}
    - target: {fileID: 6109936582197417196, guid: 7dafe66af3989904983e2aa154b1fcb6,
        type: 3}
      propertyPath: m_LocalPosition.y
      value: 2.92
      objectReference: {fileID: 0}
    - target: {fileID: 6109936582197417196, guid: 7dafe66af3989904983e2aa154b1fcb6,
        type: 3}
      propertyPath: m_LocalPosition.z
      value: 0
      objectReference: {fileID: 0}
    - target: {fileID: 6109936582197417196, guid: 7dafe66af3989904983e2aa154b1fcb6,
        type: 3}
      propertyPath: m_LocalRotation.x
      value: -0
      objectReference: {fileID: 0}
    - target: {fileID: 6109936582197417196, guid: 7dafe66af3989904983e2aa154b1fcb6,
        type: 3}
      propertyPath: m_LocalRotation.y
      value: -0
      objectReference: {fileID: 0}
    - target: {fileID: 6109936582197417196, guid: 7dafe66af3989904983e2aa154b1fcb6,
        type: 3}
      propertyPath: m_LocalRotation.z
      value: -0
      objectReference: {fileID: 0}
    - target: {fileID: 6109936582197417196, guid: 7dafe66af3989904983e2aa154b1fcb6,
        type: 3}
      propertyPath: m_LocalRotation.w
      value: 1
      objectReference: {fileID: 0}
    - target: {fileID: 6109936582197417196, guid: 7dafe66af3989904983e2aa154b1fcb6,
        type: 3}
      propertyPath: m_RootOrder
      value: 10
      objectReference: {fileID: 0}
    - target: {fileID: 6109936582197417196, guid: 7dafe66af3989904983e2aa154b1fcb6,
        type: 3}
      propertyPath: m_LocalEulerAnglesHint.x
      value: 0
      objectReference: {fileID: 0}
    - target: {fileID: 6109936582197417196, guid: 7dafe66af3989904983e2aa154b1fcb6,
        type: 3}
      propertyPath: m_LocalEulerAnglesHint.y
      value: 0
      objectReference: {fileID: 0}
    - target: {fileID: 6109936582197417196, guid: 7dafe66af3989904983e2aa154b1fcb6,
        type: 3}
      propertyPath: m_LocalEulerAnglesHint.z
      value: 0
      objectReference: {fileID: 0}
    m_RemovedComponents: []
  m_SourcePrefab: {fileID: 100100000, guid: 7dafe66af3989904983e2aa154b1fcb6, type: 3}
--- !u!1001 &6281087826144722693
PrefabInstance:
  m_ObjectHideFlags: 0
  serializedVersion: 2
  m_Modification:
    m_TransformParent: {fileID: 504476288}
    m_Modifications:
    - target: {fileID: 6281087825621734540, guid: a04ce2470ed5b3e48985f896fe63985a,
        type: 3}
      propertyPath: m_Name
      value: FootAppendage
      objectReference: {fileID: 0}
    - target: {fileID: 6281087825621734540, guid: a04ce2470ed5b3e48985f896fe63985a,
        type: 3}
      propertyPath: m_IsActive
      value: 0
      objectReference: {fileID: 0}
    - target: {fileID: 6281087825621734543, guid: a04ce2470ed5b3e48985f896fe63985a,
        type: 3}
      propertyPath: m_LocalPosition.x
      value: -1.0299997
      objectReference: {fileID: 0}
    - target: {fileID: 6281087825621734543, guid: a04ce2470ed5b3e48985f896fe63985a,
        type: 3}
      propertyPath: m_LocalPosition.y
      value: -0.39000034
      objectReference: {fileID: 0}
    - target: {fileID: 6281087825621734543, guid: a04ce2470ed5b3e48985f896fe63985a,
        type: 3}
      propertyPath: m_LocalPosition.z
      value: 0
      objectReference: {fileID: 0}
    - target: {fileID: 6281087825621734543, guid: a04ce2470ed5b3e48985f896fe63985a,
        type: 3}
      propertyPath: m_LocalRotation.x
      value: -0
      objectReference: {fileID: 0}
    - target: {fileID: 6281087825621734543, guid: a04ce2470ed5b3e48985f896fe63985a,
        type: 3}
      propertyPath: m_LocalRotation.y
      value: -0
      objectReference: {fileID: 0}
    - target: {fileID: 6281087825621734543, guid: a04ce2470ed5b3e48985f896fe63985a,
        type: 3}
      propertyPath: m_LocalRotation.z
      value: 0.062595606
      objectReference: {fileID: 0}
    - target: {fileID: 6281087825621734543, guid: a04ce2470ed5b3e48985f896fe63985a,
        type: 3}
      propertyPath: m_LocalRotation.w
      value: 0.998039
      objectReference: {fileID: 0}
    - target: {fileID: 6281087825621734543, guid: a04ce2470ed5b3e48985f896fe63985a,
        type: 3}
      propertyPath: m_RootOrder
      value: 1
      objectReference: {fileID: 0}
    - target: {fileID: 6281087825621734543, guid: a04ce2470ed5b3e48985f896fe63985a,
        type: 3}
      propertyPath: m_LocalEulerAnglesHint.x
      value: 0
      objectReference: {fileID: 0}
    - target: {fileID: 6281087825621734543, guid: a04ce2470ed5b3e48985f896fe63985a,
        type: 3}
      propertyPath: m_LocalEulerAnglesHint.y
      value: 0
      objectReference: {fileID: 0}
    - target: {fileID: 6281087825621734543, guid: a04ce2470ed5b3e48985f896fe63985a,
        type: 3}
      propertyPath: m_LocalEulerAnglesHint.z
      value: 7.1780005
      objectReference: {fileID: 0}
    - target: {fileID: 4135545023107887043, guid: a04ce2470ed5b3e48985f896fe63985a,
        type: 3}
      propertyPath: keyCode
      value: 113
      objectReference: {fileID: 0}
    - target: {fileID: 4135545023107887043, guid: a04ce2470ed5b3e48985f896fe63985a,
        type: 3}
      propertyPath: attached
      value: 1
      objectReference: {fileID: 0}
    m_RemovedComponents: []
  m_SourcePrefab: {fileID: 100100000, guid: a04ce2470ed5b3e48985f896fe63985a, type: 3}
--- !u!1001 &7993105905471573823
PrefabInstance:
  m_ObjectHideFlags: 0
  serializedVersion: 2
  m_Modification:
    m_TransformParent: {fileID: 0}
    m_Modifications:
    - target: {fileID: 7993105906067909225, guid: c3184b9450453fb4db6fcb02fd2a0dc3,
        type: 3}
      propertyPath: m_Name
      value: EventSystem
      objectReference: {fileID: 0}
    - target: {fileID: 7993105906067909222, guid: c3184b9450453fb4db6fcb02fd2a0dc3,
        type: 3}
      propertyPath: m_LocalPosition.x
      value: 0
      objectReference: {fileID: 0}
    - target: {fileID: 7993105906067909222, guid: c3184b9450453fb4db6fcb02fd2a0dc3,
        type: 3}
      propertyPath: m_LocalPosition.y
      value: 0
      objectReference: {fileID: 0}
    - target: {fileID: 7993105906067909222, guid: c3184b9450453fb4db6fcb02fd2a0dc3,
        type: 3}
      propertyPath: m_LocalPosition.z
      value: 0
      objectReference: {fileID: 0}
    - target: {fileID: 7993105906067909222, guid: c3184b9450453fb4db6fcb02fd2a0dc3,
        type: 3}
      propertyPath: m_LocalRotation.x
      value: 0
      objectReference: {fileID: 0}
    - target: {fileID: 7993105906067909222, guid: c3184b9450453fb4db6fcb02fd2a0dc3,
        type: 3}
      propertyPath: m_LocalRotation.y
      value: 0
      objectReference: {fileID: 0}
    - target: {fileID: 7993105906067909222, guid: c3184b9450453fb4db6fcb02fd2a0dc3,
        type: 3}
      propertyPath: m_LocalRotation.z
      value: 0
      objectReference: {fileID: 0}
    - target: {fileID: 7993105906067909222, guid: c3184b9450453fb4db6fcb02fd2a0dc3,
        type: 3}
      propertyPath: m_LocalRotation.w
      value: 1
      objectReference: {fileID: 0}
    - target: {fileID: 7993105906067909222, guid: c3184b9450453fb4db6fcb02fd2a0dc3,
        type: 3}
      propertyPath: m_RootOrder
      value: 12
      objectReference: {fileID: 0}
    - target: {fileID: 7993105906067909222, guid: c3184b9450453fb4db6fcb02fd2a0dc3,
        type: 3}
      propertyPath: m_LocalEulerAnglesHint.x
      value: 0
      objectReference: {fileID: 0}
    - target: {fileID: 7993105906067909222, guid: c3184b9450453fb4db6fcb02fd2a0dc3,
        type: 3}
      propertyPath: m_LocalEulerAnglesHint.y
      value: 0
      objectReference: {fileID: 0}
    - target: {fileID: 7993105906067909222, guid: c3184b9450453fb4db6fcb02fd2a0dc3,
        type: 3}
      propertyPath: m_LocalEulerAnglesHint.z
      value: 0
      objectReference: {fileID: 0}
    m_RemovedComponents: []
  m_SourcePrefab: {fileID: 100100000, guid: c3184b9450453fb4db6fcb02fd2a0dc3, type: 3}
--- !u!1001 &8416097488848705543
PrefabInstance:
  m_ObjectHideFlags: 0
  serializedVersion: 2
  m_Modification:
    m_TransformParent: {fileID: 0}
    m_Modifications:
    - target: {fileID: 8416097488113010349, guid: bc6748beace868645a86794104b23d5e,
        type: 3}
      propertyPath: m_Name
      value: PlayerBuilder
      objectReference: {fileID: 0}
    - target: {fileID: 8416097488113010347, guid: bc6748beace868645a86794104b23d5e,
        type: 3}
      propertyPath: m_LocalPosition.x
      value: -13
      objectReference: {fileID: 0}
    - target: {fileID: 8416097488113010347, guid: bc6748beace868645a86794104b23d5e,
        type: 3}
      propertyPath: m_LocalPosition.y
      value: 0
      objectReference: {fileID: 0}
    - target: {fileID: 8416097488113010347, guid: bc6748beace868645a86794104b23d5e,
        type: 3}
      propertyPath: m_LocalPosition.z
      value: 0
      objectReference: {fileID: 0}
    - target: {fileID: 8416097488113010347, guid: bc6748beace868645a86794104b23d5e,
        type: 3}
      propertyPath: m_LocalRotation.x
      value: 0
      objectReference: {fileID: 0}
    - target: {fileID: 8416097488113010347, guid: bc6748beace868645a86794104b23d5e,
        type: 3}
      propertyPath: m_LocalRotation.y
      value: 0
      objectReference: {fileID: 0}
    - target: {fileID: 8416097488113010347, guid: bc6748beace868645a86794104b23d5e,
        type: 3}
      propertyPath: m_LocalRotation.z
      value: 0
      objectReference: {fileID: 0}
    - target: {fileID: 8416097488113010347, guid: bc6748beace868645a86794104b23d5e,
        type: 3}
      propertyPath: m_LocalRotation.w
      value: 1
      objectReference: {fileID: 0}
    - target: {fileID: 8416097488113010347, guid: bc6748beace868645a86794104b23d5e,
        type: 3}
      propertyPath: m_RootOrder
      value: 13
      objectReference: {fileID: 0}
    - target: {fileID: 8416097488113010347, guid: bc6748beace868645a86794104b23d5e,
        type: 3}
      propertyPath: m_LocalEulerAnglesHint.x
      value: 0
      objectReference: {fileID: 0}
    - target: {fileID: 8416097488113010347, guid: bc6748beace868645a86794104b23d5e,
        type: 3}
      propertyPath: m_LocalEulerAnglesHint.y
      value: 0
      objectReference: {fileID: 0}
    - target: {fileID: 8416097488113010347, guid: bc6748beace868645a86794104b23d5e,
        type: 3}
      propertyPath: m_LocalEulerAnglesHint.z
      value: 0
      objectReference: {fileID: 0}
    m_RemovedComponents: []
  m_SourcePrefab: {fileID: 100100000, guid: bc6748beace868645a86794104b23d5e, type: 3}
--- !u!1001 &9104439134570693593
PrefabInstance:
  m_ObjectHideFlags: 0
  serializedVersion: 2
  m_Modification:
    m_TransformParent: {fileID: 0}
    m_Modifications:
    - target: {fileID: 9104439133455385813, guid: 304796d6421fb3b4fb2176f721734890,
        type: 3}
      propertyPath: m_Name
      value: PlayerCamera
      objectReference: {fileID: 0}
    - target: {fileID: 9104439133455385815, guid: 304796d6421fb3b4fb2176f721734890,
        type: 3}
      propertyPath: m_LocalPosition.x
      value: -5.587518
      objectReference: {fileID: 0}
    - target: {fileID: 9104439133455385815, guid: 304796d6421fb3b4fb2176f721734890,
        type: 3}
      propertyPath: m_LocalPosition.y
      value: 6.257556
      objectReference: {fileID: 0}
    - target: {fileID: 9104439133455385815, guid: 304796d6421fb3b4fb2176f721734890,
        type: 3}
      propertyPath: m_LocalPosition.z
      value: -10
      objectReference: {fileID: 0}
    - target: {fileID: 9104439133455385815, guid: 304796d6421fb3b4fb2176f721734890,
        type: 3}
      propertyPath: m_LocalRotation.x
      value: 0
      objectReference: {fileID: 0}
    - target: {fileID: 9104439133455385815, guid: 304796d6421fb3b4fb2176f721734890,
        type: 3}
      propertyPath: m_LocalRotation.y
      value: 0
      objectReference: {fileID: 0}
    - target: {fileID: 9104439133455385815, guid: 304796d6421fb3b4fb2176f721734890,
        type: 3}
      propertyPath: m_LocalRotation.z
      value: 0
      objectReference: {fileID: 0}
    - target: {fileID: 9104439133455385815, guid: 304796d6421fb3b4fb2176f721734890,
        type: 3}
      propertyPath: m_LocalRotation.w
      value: 1
      objectReference: {fileID: 0}
    - target: {fileID: 9104439133455385815, guid: 304796d6421fb3b4fb2176f721734890,
        type: 3}
      propertyPath: m_RootOrder
      value: 7
      objectReference: {fileID: 0}
    - target: {fileID: 9104439133455385815, guid: 304796d6421fb3b4fb2176f721734890,
        type: 3}
      propertyPath: m_LocalEulerAnglesHint.x
      value: 0
      objectReference: {fileID: 0}
    - target: {fileID: 9104439133455385815, guid: 304796d6421fb3b4fb2176f721734890,
        type: 3}
      propertyPath: m_LocalEulerAnglesHint.y
      value: 0
      objectReference: {fileID: 0}
    - target: {fileID: 9104439133455385815, guid: 304796d6421fb3b4fb2176f721734890,
        type: 3}
      propertyPath: m_LocalEulerAnglesHint.z
      value: 0
      objectReference: {fileID: 0}
    - target: {fileID: 9104439133455385812, guid: 304796d6421fb3b4fb2176f721734890,
        type: 3}
      propertyPath: m_Follow
      value: 
      objectReference: {fileID: 560709721}
    m_RemovedComponents: []
  m_SourcePrefab: {fileID: 100100000, guid: 304796d6421fb3b4fb2176f721734890, type: 3}
